<marc:collection xmlns:marc="http://www.loc.gov/MARC21/slim">
  <marc:record>
    <marc:leader>01141cam a2200193u 4500</marc:leader>
    <marc:controlfield tag="008">861009n        xx            000 0 eng  </marc:controlfield>
    <marc:datafield tag="130" ind1=" " ind2=" ">
      <marc:subfield code="a">The Alphabet murders [Motion picture]</marc:subfield>
      <marc:subfield code="1">https://www.imdb.com/title/tt0060094</marc:subfield>
    </marc:datafield>
    <marc:datafield tag="245" ind1="0" ind2="4">
      <marc:subfield code="a">The Alphabet murders [Motion picture]</marc:subfield>
    </marc:datafield>
    <marc:datafield tag="260" ind1=" " ind2=" ">
      <marc:subfield code="a">[n.p.]</marc:subfield>
      <marc:subfield code="b">Metro-Goldwyn-Mayer, 1965. Made by M. G. M. British Studios,
        Borehamwood, England.</marc:subfield>
    </marc:datafield>
    <marc:datafield tag="300" ind1=" " ind2=" ">
      <marc:subfield code="c">a. 90 min. sd. b&amp;w. 35 mm.</marc:subfield>
    </marc:datafield>
    <marc:datafield tag="336" ind1=" " ind2=" ">
      <marc:subfield code="a">two-dimensional moving image</marc:subfield>
      <marc:subfield code="b">tdi</marc:subfield>
      <marc:subfield code="0">http://rdaregistry.info/termList/RDAContentType/1023</marc:subfield>
      <marc:subfield code="2">rdacontent</marc:subfield>
    </marc:datafield>
    <marc:datafield tag="337" ind1=" " ind2=" ">
      <marc:subfield code="a">video</marc:subfield>
      <marc:subfield code="b">v</marc:subfield>
      <marc:subfield code="0">http://rdaregistry.info/termList/RDAMediaType/1008</marc:subfield>
      <marc:subfield code="2">rdamedia</marc:subfield>
    </marc:datafield>
    <marc:datafield tag="338" ind1=" " ind2=" ">
      <marc:subfield code="a">videocassette</marc:subfield>
      <marc:subfield code="b">vf</marc:subfield>
      <marc:subfield code="0">hhttp://rdaregistry.info/termList/RDACarrierType/1052</marc:subfield>
      <marc:subfield code="2">rdacarrier</marc:subfield>
    </marc:datafield>
    <marc:datafield tag="380" ind1=" " ind2=" ">
      <marc:subfield code="a">Film adaptations</marc:subfield>
      <marc:subfield code="0">http://id.loc.gov/authorities/genreForms/gf2011026254</marc:subfield>
      <marc:subfield code="2">LCGFT</marc:subfield>
    </marc:datafield>
    <marc:datafield tag="655" ind1=" " ind2=" ">
      <marc:subfield code="a">Krim</marc:subfield>
    </marc:datafield>
    <marc:datafield tag="655" ind1=" " ind2=" ">
      <marc:subfield code="a">Spillefilm</marc:subfield>
    </marc:datafield>
    <marc:datafield tag="700" ind1="1" ind2=" ">
      <marc:subfield code="a">Christie, Agatha,</marc:subfield>
      <marc:subfield code="d">1890-1976.</marc:subfield>
      <marc:subfield code="i">Adaptation of work</marc:subfield>
      <marc:subfield code="t">The A. B. C. murders</marc:subfield>
      <marc:subfield code="4">
        http://rdaregistry.info/Elements/w/adaptationOfWork.en</marc:subfield>
      <marc:subfield code="1">http://viaf.org/viaf/308552019</marc:subfield>
    </marc:datafield>
    <marc:datafield tag="710" ind1="2" ind2=" ">
      <marc:subfield code="a">Metro-Goldwyn-Mayer</marc:subfield>
      <marc:subfield code="1">http://viaf.org/viaf/129762115</marc:subfield>
    </marc:datafield>
    <marc:datafield tag="710" ind1="2" ind2=" ">
      <marc:subfield code="a">M. G. M. British Studios</marc:subfield>
      <marc:subfield code="1">http://viaf.org/viaf/146648497</marc:subfield>
    </marc:datafield>
  </marc:record>