
  <marc:record>
    <marc:leader>02137ngm a22003251i 4500</marc:leader>
    <marc:controlfield tag="008">150519s2014    sp 092 g       0 11 mul  </marc:controlfield>
    <marc:datafield tag="041" ind1="1" ind2=" ">
      <marc:subfield code="a">spa</marc:subfield>
      <marc:subfield code="a">eng</marc:subfield>
      <marc:subfield code="j">spa</marc:subfield>
    </marc:datafield>
    <marc:datafield tag="130" ind1=" " ind2=" ">
      <marc:subfield code="a">A stranger is watching [Motion picture]</marc:subfield>
      <marc:subfield code="1">https://www.imdb.com/title/tt0084735</marc:subfield>
    </marc:datafield>
    <marc:datafield tag="245" ind1="1" ind2="3">
      <marc:subfield code="a">Un asesino te está mirando =</marc:subfield>
      <marc:subfield code="b">A stranger is watching</marc:subfield>
      <marc:subfield code="c">dirigida por Sean S. Cunningham ; escrita por Earl Mac Rauch, Victor
        Miller ; producida por Sidney Beckerman ; [música de Lalo Schifrin]</marc:subfield>
    </marc:datafield>
    <marc:datafield tag="260" ind1=" " ind2=" ">
      <marc:subfield code="a">[Barcelona]</marc:subfield>
      <marc:subfield code="b">Cinema International Media</marc:subfield>
      <marc:subfield code="c">D.L. 2014</marc:subfield>
    </marc:datafield>
    <marc:datafield tag="300" ind1=" " ind2=" ">
      <marc:subfield code="a">1 DVD (ca. 92 min)</marc:subfield>
      <marc:subfield code="b">son., col.</marc:subfield>
    </marc:datafield>
    <marc:datafield tag="336" ind1=" " ind2=" ">
      <marc:subfield code="a">two-dimensional moving image</marc:subfield>
      <marc:subfield code="b">tdi</marc:subfield>
      <marc:subfield code="0">http://rdaregistry.info/termList/RDAContentType/1023</marc:subfield>
      <marc:subfield code="2">rdacontent</marc:subfield>
    </marc:datafield>
    <marc:datafield tag="337" ind1=" " ind2=" ">
      <marc:subfield code="a">video</marc:subfield>
      <marc:subfield code="b">v</marc:subfield>
      <marc:subfield code="0">http://rdaregistry.info/termList/RDAMediaType/1008</marc:subfield>
      <marc:subfield code="2">rdamedia</marc:subfield>
    </marc:datafield>
    <marc:datafield tag="338" ind1=" " ind2=" ">
      <marc:subfield code="a">videodisc</marc:subfield>
      <marc:subfield code="b">vf</marc:subfield>
      <marc:subfield code="0">http://rdaregistry.info/termList/RDACarrierType/1060</marc:subfield>
      <marc:subfield code="2">rdacarrier</marc:subfield>
    </marc:datafield>
    <marc:datafield tag="380" ind1=" " ind2=" ">
      <marc:subfield code="a">Film adaptations</marc:subfield>
      <marc:subfield code="0">http://id.loc.gov/authorities/genreForms/gf2011026254</marc:subfield>
      <marc:subfield code="2">LCGFT</marc:subfield>
    </marc:datafield>
    <marc:datafield tag="500" ind1=" " ind2=" ">
      <marc:subfield code="a">Basada en la novela homónima de Mary Higgins Clark</marc:subfield>
    </marc:datafield>
    <marc:datafield tag="511" ind1="1" ind2=" ">
      <marc:subfield code="a">Kate Mulgrew, Rip Torn, James Naughton</marc:subfield>
    </marc:datafield>
    <marc:datafield tag="521" ind1=" " ind2=" ">
      <marc:subfield code="a">Aldersgrense: 12 år</marc:subfield>
    </marc:datafield>
    <marc:datafield tag="546" ind1=" " ind2=" ">
      <marc:subfield code="a">Versiones en español e inglés, con subtítulos opcionales en
        español</marc:subfield>
    </marc:datafield>
    <marc:datafield tag="655" ind1=" " ind2=" ">
      <marc:subfield code="a">Krim</marc:subfield>
    </marc:datafield>
    <marc:datafield tag="655" ind1=" " ind2=" ">
      <marc:subfield code="a">Spillefilm</marc:subfield>
    </marc:datafield>
    <marc:datafield tag="700" ind1="1" ind2=" ">
      <marc:subfield code="a">Cunningham, Sean S.</marc:subfield>
      <marc:subfield code="d">1941-</marc:subfield>
      <marc:subfield code="e">director de cine</marc:subfield>
      <marc:subfield code="h">ttps://www.imdb.com/name/nm0192446</marc:subfield>
      <marc:subfield code="4">fmd</marc:subfield>
    </marc:datafield>
    <marc:datafield tag="700" ind1="1" ind2=" ">
      <marc:subfield code="a">Schifrin, Lalo</marc:subfield>
      <marc:subfield code="d">1932-</marc:subfield>
      <marc:subfield code="e">compositor</marc:subfield>
      <marc:subfield code="1">https://www.imdb.com/name/nm0006277</marc:subfield>
      <marc:subfield code="4">cmp</marc:subfield>
    </marc:datafield>
    <marc:datafield tag="700" ind1="1" ind2=" ">
      <marc:subfield code="a">Rauch, Earl Mac</marc:subfield>
      <marc:subfield code="d">1949-</marc:subfield>
      <marc:subfield code="e">guionista</marc:subfield>
      <marc:subfield code="1">https://www.imdb.com/name/nm0711996</marc:subfield>
      <marc:subfield code="4">aus</marc:subfield>
    </marc:datafield>
    <marc:datafield tag="700" ind1="1" ind2=" ">
      <marc:subfield code="a">Miller, Victor</marc:subfield>
      <marc:subfield code="d">1940-</marc:subfield>
      <marc:subfield code="e">guionista</marc:subfield>
      <marc:subfield code="1">https://www.imdb.com/name/nm0589485</marc:subfield>
      <marc:subfield code="4">aus</marc:subfield>
    </marc:datafield>
    <marc:datafield tag="700" ind1="1" ind2=" ">
      <marc:subfield code="a">Beckerman, Sidney</marc:subfield>
      <marc:subfield code="d">1920-2008</marc:subfield>
      <marc:subfield code="e">productor</marc:subfield>
      <marc:subfield code="1">https://www.imdb.com/name/nm0065639</marc:subfield>
      <marc:subfield code="4">pro</marc:subfield>
    </marc:datafield>
    <marc:datafield tag="700" ind1="1" ind2=" ">
      <marc:subfield code="a">Mulgrew, Kate</marc:subfield>
      <marc:subfield code="d">1955-</marc:subfield>
      <marc:subfield code="e">actor</marc:subfield>
      <marc:subfield code="1">https://www.imdb.com/name/nm0000550</marc:subfield>
      <marc:subfield code="4">act</marc:subfield>
    </marc:datafield>
    <marc:datafield tag="700" ind1="1" ind2=" ">
      <marc:subfield code="a">Torn, Rip</marc:subfield>
      <marc:subfield code="d">1931-</marc:subfield>
      <marc:subfield code="e">actor</marc:subfield>
      <marc:subfield code="1">https://www.imdb.com/name/nm0001800/</marc:subfield>
      <marc:subfield code="4">act</marc:subfield>
    </marc:datafield>
    <marc:datafield tag="700" ind1="1" ind2=" ">
      <marc:subfield code="a">Naughton, James</marc:subfield>
      <marc:subfield code="d">1945-</marc:subfield>
      <marc:subfield code="e">actor</marc:subfield>
      <marc:subfield code="1">https://www.imdb.com/name/nm0622553</marc:subfield>
      <marc:subfield code="4">act</marc:subfield>
    </marc:datafield>
    <marc:datafield tag="700" ind1="1" ind2="2">
      <marc:subfield code="a">Clark, Mary Higgins</marc:subfield>
      <marc:subfield code="d">1931-</marc:subfield>
      <marc:subfield code="i">Adaptation of work</marc:subfield>
      <marc:subfield code="t">A stranger is watching</marc:subfield>
      <marc:subfield code="1">http://viaf.org/viaf/4824148574273024430006</marc:subfield>
      <marc:subfield code="4">http://rdaregistry.info/Elements/w/adaptationOfWork.en</marc:subfield>
    </marc:datafield>
  </marc:record>