
  <marc:record>
    <marc:leader>00882cam a2200193u 4500</marc:leader>
    <marc:controlfield tag="008">810608s1951    nyu           000 0 eng  </marc:controlfield>
    <marc:datafield tag="100" ind1=" " ind2="0">
      <marc:subfield code="a">Christie, Agatha</marc:subfield>
      <marc:subfield code="d">1890-1976.</marc:subfield>
      <marc:subfield code="1">http://viaf.org/viaf/71388952</marc:subfield>
      <marc:subfield code="4">aut</marc:subfield>
    </marc:datafield>
    <marc:datafield tag="240" ind1="1" ind2="0">
      <marc:subfield code="a">Mrs McGinty's dead </marc:subfield>
      <marc:subfield code="l">English</marc:subfield>
      <marc:subfield code="1">http://viaf.org/viaf/186310676</marc:subfield>
    </marc:datafield>
    <marc:datafield tag="245" ind1="1" ind2="0">
      <marc:subfield code="a">Blood will tell.</marc:subfield>
    </marc:datafield>
    <marc:datafield tag="260" ind1=" " ind2=" ">
      <marc:subfield code="a">New York,</marc:subfield>
      <marc:subfield code="b">W. J. Black</marc:subfield>
      <marc:subfield code="c">[c1951]</marc:subfield>
    </marc:datafield>
    <marc:datafield tag="300" ind1=" " ind2=" ">
      <marc:subfield code="a">180 s.</marc:subfield>
      <marc:subfield code="c">20 cm.</marc:subfield>
    </marc:datafield>
    <marc:datafield tag="336" ind1=" " ind2=" ">
      <marc:subfield code="a">text</marc:subfield>
      <marc:subfield code="b">txt</marc:subfield>
      <marc:subfield code="0">http://rdaregistry.info/termList/RDAContentType/1020</marc:subfield>
      <marc:subfield code="2">rdacontent</marc:subfield>
    </marc:datafield>
    <marc:datafield tag="337" ind1=" " ind2=" ">
      <marc:subfield code="a">unmediated</marc:subfield>
      <marc:subfield code="b">n</marc:subfield>
      <marc:subfield code="0">http://rdaregistry.info/termList/RDAMediaType/1007</marc:subfield>
      <marc:subfield code="2">rdamedia</marc:subfield>
    </marc:datafield>
    <marc:datafield tag="338" ind1=" " ind2=" ">
      <marc:subfield code="a">volume</marc:subfield>
      <marc:subfield code="b">nc</marc:subfield>
      <marc:subfield code="0">http://rdaregistry.info/termList/RDACarrierType/1049</marc:subfield>
      <marc:subfield code="2">rdacarrier</marc:subfield>
    </marc:datafield>
    <marc:datafield tag="380" ind1=" " ind2=" ">
      <marc:subfield code="a">Novels</marc:subfield>
      <marc:subfield code="0">http://id.loc.gov/authorities/genreForms/gf2015026020</marc:subfield>
      <marc:subfield code="2">LCGFT</marc:subfield>
    </marc:datafield>
    <marc:datafield tag="600" ind1="1" ind2="0">
      <marc:subfield code="a">Poirot, Hercule</marc:subfield>
      <marc:subfield code="q">fiktiv karakter.</marc:subfield>
      <marc:subfield code="1">http://viaf.org/viaf/22943082</marc:subfield>
    </marc:datafield>
    <marc:datafield tag="650" ind1=" " ind2="0">
      <marc:subfield code="a">Privatetterforskere </marc:subfield>
      <marc:subfield code="z">England.</marc:subfield>
    </marc:datafield>
    <marc:datafield tag="655" ind1=" " ind2=" ">
      <marc:subfield code="a">Krim</marc:subfield>
    </marc:datafield>
    <marc:datafield tag="655" ind1=" " ind2=" ">
      <marc:subfield code="a">Roman</marc:subfield>
    </marc:datafield>
  </marc:record>