
  <marc:record>
    <marc:leader>01647nam a20002774500 </marc:leader>
    <marc:controlfield tag="008">060223 a 10nob 9</marc:controlfield>
    <marc:datafield tag="020" ind1=" " ind2=" ">
      <marc:subfield code="a">978-82-525-6258-3</marc:subfield>
    </marc:datafield>
    <marc:datafield tag="041" ind1=" " ind2=" ">
      <marc:subfield code="h">eng</marc:subfield>
    </marc:datafield>
    <marc:datafield tag="100" ind1=" " ind2="0">
      <marc:subfield code="a">Christie, Agatha</marc:subfield>
      <marc:subfield code="d">1890-1976.</marc:subfield>
      <marc:subfield code="1">http://viaf.org/viaf/71388952</marc:subfield>
      <marc:subfield code="4">aut</marc:subfield>
    </marc:datafield>
    <marc:datafield tag="240" ind1="1" ind2="0">
      <marc:subfield code="a">And then there were none </marc:subfield>
      <marc:subfield code="l">Norsk</marc:subfield>
      <marc:subfield code="1">http://viaf.org/viaf/313145424580486831117</marc:subfield>
    </marc:datafield>
    <marc:datafield tag="245" ind1="1" ind2="0">
      <marc:subfield code="a"> Og dermed var det ingen ; Mord på Orientekspressen ; 4.50 fra
        Paddington </marc:subfield>
      <marc:subfield code="c"> Agatha Christie ; [oversatt av Liv Malling (Og dermed var det ingen),
        Axel S. Seeberg (Mord på Orientekspressen), Helge Simonsen (4.50 fra Paddington)]
      </marc:subfield>
    </marc:datafield>
    <marc:datafield tag="260" ind1=" " ind2=" ">
      <marc:subfield code="a">Oslo</marc:subfield>
      <marc:subfield code="b">De norske Bokklubbene</marc:subfield>
      <marc:subfield code="c">2006</marc:subfield>
    </marc:datafield>
    <marc:datafield tag="300" ind1=" " ind2=" ">
      <marc:subfield code="a">3 b. i 1 (564 s.)</marc:subfield>
    </marc:datafield>
    <marc:datafield tag="336" ind1=" " ind2=" ">
      <marc:subfield code="a">text</marc:subfield>
      <marc:subfield code="b">txt</marc:subfield>
      <marc:subfield code="0">http://rdaregistry.info/termList/RDAContentType/1020</marc:subfield>
      <marc:subfield code="2">rdacontent</marc:subfield>
    </marc:datafield>
    <marc:datafield tag="337" ind1=" " ind2=" ">
      <marc:subfield code="a">unmediated</marc:subfield>
      <marc:subfield code="b">n</marc:subfield>
      <marc:subfield code="0">http://rdaregistry.info/termList/RDAMediaType/1007</marc:subfield>
      <marc:subfield code="2">rdamedia</marc:subfield>
    </marc:datafield>
    <marc:datafield tag="338" ind1=" " ind2=" ">
      <marc:subfield code="a">volume</marc:subfield>
      <marc:subfield code="b">nc</marc:subfield>
      <marc:subfield code="0">http://rdaregistry.info/termList/RDACarrierType/1049</marc:subfield>
      <marc:subfield code="2">rdacarrier</marc:subfield>
    </marc:datafield>
    <marc:datafield tag="380" ind1=" " ind2=" ">
      <marc:subfield code="a">Novels</marc:subfield>
      <marc:subfield code="0">http://id.loc.gov/authorities/genreForms/gf2015026020</marc:subfield>
      <marc:subfield code="2">LCGFT</marc:subfield>
    </marc:datafield>
    <marc:datafield tag="600" ind1=" " ind2=" ">
      <marc:subfield code="a">Marple, Jane</marc:subfield>
      <marc:subfield code="c">fiktiv karakter</marc:subfield>
      <marc:subfield code="1">http://viaf.org/viaf/20152329368502672984</marc:subfield>
    </marc:datafield>
    <marc:datafield tag="600" ind1=" " ind2=" ">
      <marc:subfield code="a">Poirot, Hercule</marc:subfield>
      <marc:subfield code="c">fiktiv karakter</marc:subfield>
      <marc:subfield code="1">http://viaf.org/viaf/22943082</marc:subfield>
    </marc:datafield>
    <marc:datafield tag="655" ind1=" " ind2=" ">
      <marc:subfield code="a">Krim</marc:subfield>
    </marc:datafield>
    <marc:datafield tag="655" ind1=" " ind2=" ">
      <marc:subfield code="a">Roman</marc:subfield>
    </marc:datafield>
    <marc:datafield tag="700" ind1="1" ind2="2">
      <marc:subfield code="a">Christie, Agatha</marc:subfield>
      <marc:subfield code="d">1890-1976.</marc:subfield>
      <marc:subfield code="l">nob</marc:subfield>
      <marc:subfield code="t">4:50 from Paddington </marc:subfield>
      <marc:subfield code="1">http://viaf.org/viaf/176021540</marc:subfield>
    </marc:datafield>
    <marc:datafield tag="700" ind1="1" ind2="2">
      <marc:subfield code="a">Christie, Agatha</marc:subfield>
      <marc:subfield code="d">1890-1976.</marc:subfield>
      <marc:subfield code="l">nob</marc:subfield>
      <marc:subfield code="t">Murder on the Orient Express</marc:subfield>
      <marc:subfield code="1">http://viaf.org/viaf/316741387</marc:subfield>
    </marc:datafield>
    <marc:datafield tag="700" ind1="1" ind2=" ">
      <marc:subfield code="a">Malling, Liv</marc:subfield>
      <marc:subfield code="1">http://viaf.org/viaf/30549876</marc:subfield>
      <marc:subfield code="4">trl</marc:subfield>
    </marc:datafield>
    <marc:datafield tag="700" ind1="1" ind2=" ">
      <marc:subfield code="a">Seeberg, Axel S.</marc:subfield>
      <marc:subfield code="d">1914-1994</marc:subfield>
      <marc:subfield code="1">http://viaf.org/viaf/288294356</marc:subfield>
      <marc:subfield code="4">trl</marc:subfield>
    </marc:datafield>
    <marc:datafield tag="700" ind1="1" ind2=" ">
      <marc:subfield code="a">Simonsen, Helge</marc:subfield>
      <marc:subfield code="d">1910-1990</marc:subfield>
      <marc:subfield code="1">http://viaf.org/viaf/42145970332432252572</marc:subfield>
      <marc:subfield code="4">trl</marc:subfield>
    </marc:datafield>
  </marc:record>