
  <marc:record>
    <marc:leader>01049nim a2200217 a 4500</marc:leader>
    <marc:controlfield tag="008">930507s1990    caunnn         f    eng  </marc:controlfield>
    <marc:datafield tag="020" ind1=" " ind2=" ">
      <marc:subfield code="a">1558002545</marc:subfield>
    </marc:datafield>
    <marc:datafield tag="100" ind1=" " ind2="0">
      <marc:subfield code="a">Clark, Mary Higgins </marc:subfield>
      <marc:subfield code="d">1927-.</marc:subfield>
      <marc:subfield code="1">http://viaf.org/viaf/100252785</marc:subfield>
      <marc:subfield code="4">aut</marc:subfield>
    </marc:datafield>
    <marc:datafield tag="240" ind1="1" ind2="0">
      <marc:subfield code="a">A cry in the night </marc:subfield>
      <marc:subfield code="l">English</marc:subfield>
      <marc:subfield code="1">http://viaf.org/viaf/312330584</marc:subfield>
    </marc:datafield>
    <marc:datafield tag="245" ind1="1" ind2="2">
      <marc:subfield code="a">A cry in the night</marc:subfield>
      <marc:subfield code="h">[lydbok] /</marc:subfield>
      <marc:subfield code="c">author, Mary Higgins Clark.</marc:subfield>
    </marc:datafield>
    <marc:datafield tag="260" ind1=" " ind2=" ">
      <marc:subfield code="a">Studio City, CA :</marc:subfield>
      <marc:subfield code="b">Dove Audio,</marc:subfield>
      <marc:subfield code="c">p1990.</marc:subfield>
    </marc:datafield>
    <marc:datafield tag="300" ind1=" " ind2=" ">
      <marc:subfield code="a">2 lydkassetter (ca. 3 t.) :</marc:subfield>
      <marc:subfield code="b">analog, Dolby processed.</marc:subfield>
    </marc:datafield>
    <marc:datafield tag="336" ind1=" " ind2=" ">
      <marc:subfield code="a">spoken word</marc:subfield>
      <marc:subfield code="b">spw</marc:subfield>
      <marc:subfield code="0">http://rdaregistry.info/termList/RDAContentType/1013</marc:subfield>
      <marc:subfield code="2">rdacontent</marc:subfield>
    </marc:datafield>
    <marc:datafield tag="337" ind1=" " ind2=" ">
      <marc:subfield code="a">audio</marc:subfield>
      <marc:subfield code="b">s</marc:subfield>
      <marc:subfield code="0">http://rdaregistry.info/termList/RDAMediaType/1001</marc:subfield>
      <marc:subfield code="2">rdamedia</marc:subfield>
    </marc:datafield>
    <marc:datafield tag="338" ind1=" " ind2=" ">
      <marc:subfield code="a">audiocassette</marc:subfield>
      <marc:subfield code="b">ss</marc:subfield>
      <marc:subfield code="0">http://rdaregistry.info/termList/RDACarrierType/1007</marc:subfield>
      <marc:subfield code="2">rdacarrier</marc:subfield>
    </marc:datafield>
    <marc:datafield tag="380" ind1=" " ind2=" ">
      <marc:subfield code="a">Audiobooks</marc:subfield>
      <marc:subfield code="0">http://id.loc.gov/authorities/genreForms/gf2011026063</marc:subfield>
      <marc:subfield code="2">LCGFT</marc:subfield>
    </marc:datafield>
    <marc:datafield tag="511" ind1="0" ind2=" ">
      <marc:subfield code="a">Lest av Carol Higgins Clark.</marc:subfield>
    </marc:datafield>
    <marc:datafield tag="650" ind1=" " ind2="0">
      <marc:subfield code="a">Detektiv og mysterier</marc:subfield>
    </marc:datafield>
    <marc:datafield tag="655" ind1=" " ind2=" ">
      <marc:subfield code="a">Krim</marc:subfield>
    </marc:datafield>
    <marc:datafield tag="655" ind1=" " ind2=" ">
      <marc:subfield code="a">Lydbok</marc:subfield>
    </marc:datafield>
    <marc:datafield tag="700" ind1="1" ind2=" ">
      <marc:subfield code="a">Clark, Carol Higgins.</marc:subfield>
      <marc:subfield code="d">1956-</marc:subfield>
      <marc:subfield code="1">http://viaf.org/viaf/76393464</marc:subfield>
      <marc:subfield code="4">nrt</marc:subfield>
    </marc:datafield>
  </marc:record>