
  <marc:record>
    <marc:leader>01026nam a2200229 c 4500</marc:leader>
    <marc:controlfield tag="008">180323s2018    sp     | |||| 000 f spa  </marc:controlfield>
    <marc:datafield tag="020" ind1=" " ind2=" ">
      <marc:subfield code="a">978-84-663-4316-9</marc:subfield>
    </marc:datafield>
    <marc:datafield tag="041" ind1="1" ind2=" ">
      <marc:subfield code="a">spa</marc:subfield>
      <marc:subfield code="h">eng</marc:subfield>
    </marc:datafield>
    <marc:datafield tag="100" ind1="1" ind2=" ">
      <marc:subfield code="a">Clark, Mary Higgins </marc:subfield>
      <marc:subfield code="d">1927-.</marc:subfield>
      <marc:subfield code="1">http://viaf.org/viaf/100252785</marc:subfield>
      <marc:subfield code="4">aut</marc:subfield>
    </marc:datafield>
    <marc:datafield tag="240" ind1="1" ind2="0">
      <marc:subfield code="a">As time goes by</marc:subfield>
      <marc:subfield code="l">Español</marc:subfield>
      <marc:subfield code="1">http://viaf.org/viaf/634147484227049360005</marc:subfield>
    </marc:datafield>
    <marc:datafield tag="245" ind1="1" ind2="0">
      <marc:subfield code="a">Legado mortal</marc:subfield>
      <marc:subfield code="c">[Mary Higgins Clark] ; traducción de Nieves Nueno</marc:subfield>
    </marc:datafield>
    <marc:datafield tag="260" ind1=" " ind2=" ">
      <marc:subfield code="a">[Barcelona]</marc:subfield>
      <marc:subfield code="b">Debolsillo</marc:subfield>
      <marc:subfield code="c">2018</marc:subfield>
    </marc:datafield>
    <marc:datafield tag="300" ind1=" " ind2=" ">
      <marc:subfield code="a">298 s.</marc:subfield>
      <marc:subfield code="c">19 cm</marc:subfield>
    </marc:datafield>
    <marc:datafield tag="336" ind1=" " ind2=" ">
      <marc:subfield code="a">text</marc:subfield>
      <marc:subfield code="b">txt</marc:subfield>
      <marc:subfield code="0">http://rdaregistry.info/termList/RDAContentType/1020</marc:subfield>
      <marc:subfield code="2">rdacontent</marc:subfield>
    </marc:datafield>
    <marc:datafield tag="337" ind1=" " ind2=" ">
      <marc:subfield code="a">unmediated</marc:subfield>
      <marc:subfield code="b">n</marc:subfield>
      <marc:subfield code="0">http://rdaregistry.info/termList/RDAMediaType/1007</marc:subfield>
      <marc:subfield code="2">rdamedia</marc:subfield>
    </marc:datafield>
    <marc:datafield tag="338" ind1=" " ind2=" ">
      <marc:subfield code="a">volume</marc:subfield>
      <marc:subfield code="b">nc</marc:subfield>
      <marc:subfield code="0">http://rdaregistry.info/termList/RDACarrierType/1049</marc:subfield>
      <marc:subfield code="2">rdacarrier</marc:subfield>
    </marc:datafield>
    <marc:datafield tag="380" ind1=" " ind2=" ">
      <marc:subfield code="a">Novels</marc:subfield>
      <marc:subfield code="0">http://id.loc.gov/authorities/genreForms/gf2015026020</marc:subfield>
      <marc:subfield code="2">LCGFT</marc:subfield>
    </marc:datafield>
    <marc:datafield tag="490" ind1="0" ind2=" ">
      <marc:subfield code="a">Bestseller</marc:subfield>
      <marc:subfield code="v">184</marc:subfield>
    </marc:datafield>
    <marc:datafield tag="490" ind1="0" ind2=" ">
      <marc:subfield code="a">Biblioteca Mary Higgins Clark</marc:subfield>
      <marc:subfield code="v">48</marc:subfield>
    </marc:datafield>
    <marc:datafield tag="655" ind1=" " ind2=" ">
      <marc:subfield code="a">Krim</marc:subfield>
    </marc:datafield>
    <marc:datafield tag="655" ind1=" " ind2=" ">
      <marc:subfield code="a">Roman</marc:subfield>
    </marc:datafield>
    <marc:datafield tag="700" ind1="1" ind2=" ">
      <marc:subfield code="a">Nueno, Nieves</marc:subfield>
      <marc:subfield code="e">overs.</marc:subfield>
      <marc:subfield code="1">http://viaf.org/viaf/197337142</marc:subfield>
      <marc:subfield code="4">trl</marc:subfield>
    </marc:datafield>
  </marc:record>