
  <marc:record>
    <marc:leader>01333nam a20002414500 </marc:leader>
    <marc:controlfield tag="008">070413 a 10nob 2</marc:controlfield>
    <marc:datafield tag="020" ind1=" " ind2=" ">
      <marc:subfield code="a">978-82-421-2262-9</marc:subfield>
    </marc:datafield>
    <marc:datafield tag="041" ind1=" " ind2=" ">
      <marc:subfield code="h">swe</marc:subfield>
    </marc:datafield>
    <marc:datafield tag="100" ind1=" " ind2="0">
      <marc:subfield code="a">Larsson, Stieg</marc:subfield>
      <marc:subfield code="d">1954-2004.</marc:subfield>
      <marc:subfield code="1">http://viaf.org/viaf/54441441</marc:subfield>
      <marc:subfield code="4">aut</marc:subfield>
    </marc:datafield>
    <marc:datafield tag="240" ind1="1" ind2="0">
      <marc:subfield code="a">Flickan som lekte med elden</marc:subfield>
      <marc:subfield code="l">Norsk</marc:subfield>
      <marc:subfield code="1">http://viaf.org/viaf/1965149068358065730000</marc:subfield>
    </marc:datafield>
    <marc:datafield tag="245" ind1="1" ind2="0">
      <marc:subfield code="a">Jenta som lekte med ilden</marc:subfield>
      <marc:subfield code="c">Stieg Larsson ; oversatt av Elisabeth Bjørnson</marc:subfield>
      <marc:subfield code="h">lydopptak</marc:subfield>
    </marc:datafield>
    <marc:datafield tag="260" ind1=" " ind2=" ">
      <marc:subfield code="a">[Melhus]</marc:subfield>
      <marc:subfield code="b">Lydbokforl.</marc:subfield>
      <marc:subfield code="c">2007</marc:subfield>
    </marc:datafield>
    <marc:datafield tag="300" ind1=" " ind2=" ">
      <marc:subfield code="a">17 lydplater (21 t, 18 min)</marc:subfield>
    </marc:datafield>
    <marc:datafield tag="336" ind1=" " ind2=" ">
      <marc:subfield code="a">spoken word</marc:subfield>
      <marc:subfield code="b">spw</marc:subfield>
      <marc:subfield code="0">http://rdaregistry.info/termList/RDAContentType/1013</marc:subfield>
      <marc:subfield code="2">rdacontent</marc:subfield>
    </marc:datafield>
    <marc:datafield tag="337" ind1=" " ind2=" ">
      <marc:subfield code="a">audio</marc:subfield>
      <marc:subfield code="b">s</marc:subfield>
      <marc:subfield code="0">http://rdaregistry.info/termList/RDAMediaType/1001</marc:subfield>
      <marc:subfield code="2">rdamedia</marc:subfield>
    </marc:datafield>
    <marc:datafield tag="338" ind1=" " ind2=" ">
      <marc:subfield code="a">audio disc</marc:subfield>
      <marc:subfield code="b">sd</marc:subfield>
      <marc:subfield code="0">http://rdaregistry.info/termList/RDACarrierType/1004</marc:subfield>
      <marc:subfield code="2">rdacarrier</marc:subfield>
    </marc:datafield>
    <marc:datafield tag="380" ind1=" " ind2=" ">
      <marc:subfield code="a">Audiobooks</marc:subfield>
      <marc:subfield code="0">http://id.loc.gov/authorities/genreForms/gf2011026063</marc:subfield>
      <marc:subfield code="2">LCGFT</marc:subfield>
    </marc:datafield>
    <marc:datafield tag="511" ind1=" " ind2=" ">
      <marc:subfield code="a">Lest av Anders Ribu</marc:subfield>
    </marc:datafield>
    <marc:datafield tag="600" ind1=" " ind2=" ">
      <marc:subfield code="a">Salander, Lisbeth</marc:subfield>
      <marc:subfield code="c">fiktiv karakter</marc:subfield>
      <marc:subfield code="1">http://viaf.org/viaf/313493810</marc:subfield>
    </marc:datafield>
    <marc:datafield tag="655" ind1=" " ind2=" ">
      <marc:subfield code="a">Krim</marc:subfield>
    </marc:datafield>
    <marc:datafield tag="700" ind1="1" ind2=" ">
      <marc:subfield code="a">Larsson, Stieg</marc:subfield>
      <marc:subfield code="d">19654-2004</marc:subfield>
      <marc:subfield code="i">Preceded by work</marc:subfield>
      <marc:subfield code="t">Män som hatar kvinnor </marc:subfield>
      <marc:subfield code="1">http://viaf.org/viaf/4188148523903220970001</marc:subfield>
      <marc:subfield code="4">http://rdaregistry.info/Elements/w/precededByWork.en</marc:subfield>
    </marc:datafield>
    <marc:datafield tag="700" ind1=" " ind2="0">
      <marc:subfield code="a">Ribu, Anders</marc:subfield>
      <marc:subfield code="d">1956-</marc:subfield>
      <marc:subfield code="1">http://viaf.org/viaf/24701800</marc:subfield>
      <marc:subfield code="4">nrt</marc:subfield>
    </marc:datafield>
    <marc:datafield tag="700" ind1=" " ind2="0">
      <marc:subfield code="a">Bjørnson, Elisabeth</marc:subfield>
      <marc:subfield code="d">1948-.</marc:subfield>
      <marc:subfield code="e">overs.</marc:subfield>
      <marc:subfield code="1">http://viaf.org/viaf/265418529</marc:subfield>
      <marc:subfield code="4">trl</marc:subfield>
    </marc:datafield>
  </marc:record>