
  <marc:record>
    <marc:leader>01957nam a20003494500 </marc:leader>
    <marc:controlfield tag="008">100108 a 10mul 2</marc:controlfield>
    <marc:datafield tag="041" ind1=" " ind2=" ">
      <marc:subfield code="a">swe</marc:subfield>
      <marc:subfield code="b">nobswefin</marc:subfield>
    </marc:datafield>
    <marc:datafield tag="240" ind1="1" ind2="0">
      <marc:subfield code="a">Luftslottet som sprängdes</marc:subfield>
      <marc:subfield code="1">http://viaf.org/viaf/175978173</marc:subfield>
    </marc:datafield>
    <marc:datafield tag="245" ind1="0" ind2="0">
      <marc:subfield code="a">Luftslottet som sprengtes</marc:subfield>
      <marc:subfield code="c">manus Ulf Ryberg ; regi Daniel Alfredson</marc:subfield>
      <marc:subfield code="h">video</marc:subfield>
    </marc:datafield>
    <marc:datafield tag="260" ind1=" " ind2=" ">
      <marc:subfield code="a">Oslo</marc:subfield>
      <marc:subfield code="b">Nordisk film</marc:subfield>
      <marc:subfield code="c">cop. 2009</marc:subfield>
    </marc:datafield>
    <marc:datafield tag="300" ind1=" " ind2=" ">
      <marc:subfield code="a">1 DVD (2 t, 21 min) </marc:subfield>
      <marc:subfield code="b">lyd, kol.</marc:subfield>
    </marc:datafield>
    <marc:datafield tag="336" ind1=" " ind2=" ">
      <marc:subfield code="a">two-dimensional moving image</marc:subfield>
      <marc:subfield code="b">tdi</marc:subfield>
      <marc:subfield code="0">http://rdaregistry.info/termList/RDAContentType/1023</marc:subfield>
      <marc:subfield code="2">rdacontent</marc:subfield>
    </marc:datafield>
    <marc:datafield tag="337" ind1=" " ind2=" ">
      <marc:subfield code="a">video</marc:subfield>
      <marc:subfield code="b">v</marc:subfield>
      <marc:subfield code="0">http://rdaregistry.info/termList/RDAMediaType/1008</marc:subfield>
      <marc:subfield code="2">rdamedia</marc:subfield>
    </marc:datafield>
    <marc:datafield tag="338" ind1=" " ind2=" ">
      <marc:subfield code="a">videodisc</marc:subfield>
      <marc:subfield code="b">vd</marc:subfield>
      <marc:subfield code="0">hhttp://rdaregistry.info/termList/RDACarrierType/1060</marc:subfield>
      <marc:subfield code="2">rdacarrier</marc:subfield>
    </marc:datafield>
    <marc:datafield tag="380" ind1=" " ind2=" ">
      <marc:subfield code="a">Film adaptations</marc:subfield>
      <marc:subfield code="0">http://id.loc.gov/authorities/genreForms/gf2011026254</marc:subfield>
      <marc:subfield code="2">LCGFT</marc:subfield>
    </marc:datafield>
    <marc:datafield tag="500" ind1=" " ind2=" ">
      <marc:subfield code="a">Over tittelen: Stieg Larssons</marc:subfield>
    </marc:datafield>
    <marc:datafield tag="503" ind1=" " ind2=" ">
      <marc:subfield code="a">Basert på Stieg Larssons roman</marc:subfield>
    </marc:datafield>
    <marc:datafield tag="511" ind1=" " ind2=" ">
      <marc:subfield code="a"> I rollene: Michael Nyqvist, Noomi Rapace, Annika Hallin m.fl.
      </marc:subfield>
    </marc:datafield>
    <marc:datafield tag="512" ind1=" " ind2=" ">
      <marc:subfield code="a">Spillefilm</marc:subfield>
    </marc:datafield>
    <marc:datafield tag="521" ind1=" " ind2=" ">
      <marc:subfield code="a">Aldersgrense: 15 år</marc:subfield>
    </marc:datafield>
    <marc:datafield tag="546" ind1=" " ind2=" ">
      <marc:subfield code="a">Svensk tale, finsk, norsk eller svensk tekst</marc:subfield>
    </marc:datafield>
    <marc:datafield tag="600" ind1=" " ind2=" ">
      <marc:subfield code="a">Blomkvist, Mikael</marc:subfield>
      <marc:subfield code="c">fiktiv karakter</marc:subfield>
      <marc:subfield code="1">http://viaf.org/viaf/313493812</marc:subfield>
    </marc:datafield>
    <marc:datafield tag="600" ind1=" " ind2=" ">
      <marc:subfield code="a">Salander, Lisbeth</marc:subfield>
      <marc:subfield code="c">fiktiv karakter</marc:subfield>
      <marc:subfield code="1">http://viaf.org/viaf/313493810</marc:subfield>
    </marc:datafield>
    <marc:datafield tag="655" ind1=" " ind2=" ">
      <marc:subfield code="a">Krim</marc:subfield>
    </marc:datafield>
    <marc:datafield tag="700" ind1=" " ind2="0">
      <marc:subfield code="a">Larsson, Stieg</marc:subfield>
      <marc:subfield code="d">1954-2004</marc:subfield>
      <marc:subfield code="i">Adaptation of work</marc:subfield>
      <marc:subfield code="t">Luftslottet som sprängdes </marc:subfield>
      <marc:subfield code="1">http://viaf.org/viaf/175978173</marc:subfield>
      <marc:subfield code="4">http://rdaregistry.info/Elements/w/adaptationOfWork.en</marc:subfield>
    </marc:datafield>
    <marc:datafield tag="700" ind1=" " ind2="0">
      <marc:subfield code="a">Alfredson, Daniel</marc:subfield>
      <marc:subfield code="d">1959-</marc:subfield>
      <marc:subfield code="j">sv.</marc:subfield>
      <marc:subfield code="e">reg.</marc:subfield>
      <marc:subfield code="1">https://www.imdb.com/name/nm0019242</marc:subfield>
      <marc:subfield code="4">drt</marc:subfield>
    </marc:datafield>
    <marc:datafield tag="700" ind1=" " ind2="0">
      <marc:subfield code="a">Hallin, Annika</marc:subfield>
      <marc:subfield code="d">1968-</marc:subfield>
      <marc:subfield code="j">sv.</marc:subfield>
      <marc:subfield code="1">https://www.imdb.com/name/nm0356625</marc:subfield>
      <marc:subfield code="4">act</marc:subfield>
    </marc:datafield>
    <marc:datafield tag="700" ind1=" " ind2="0">
      <marc:subfield code="a">Larsson, Stieg</marc:subfield>
      <marc:subfield code="d">1954-2004</marc:subfield>
      <marc:subfield code="j">sv.</marc:subfield>
      <marc:subfield code="1">http://viaf.org/viaf/54441441</marc:subfield>
      <marc:subfield code="4">aut</marc:subfield>
    </marc:datafield>
    <marc:datafield tag="700" ind1=" " ind2="0">
      <marc:subfield code="a">Nyqvist, Michael</marc:subfield>
      <marc:subfield code="d">1960-2017</marc:subfield>
      <marc:subfield code="j">sv.</marc:subfield>
      <marc:subfield code="1">https://www.imdb.com/name/nm0638824</marc:subfield>
      <marc:subfield code="4">act</marc:subfield>
    </marc:datafield>
    <marc:datafield tag="700" ind1=" " ind2="0">
      <marc:subfield code="a">Rapace, Noomi</marc:subfield>
      <marc:subfield code="d">1979-</marc:subfield>
      <marc:subfield code="j">sv.</marc:subfield>
      <marc:subfield code="1">http://viaf.org/viaf/313493810</marc:subfield>
      <marc:subfield code="4">act</marc:subfield>
    </marc:datafield>
    <marc:datafield tag="700" ind1=" " ind2="0">
      <marc:subfield code="a">Ryberg, Ulf</marc:subfield>
      <marc:subfield code="j">sv.</marc:subfield>
      <marc:subfield code="1">https://www.imdb.com/name/nm0752968</marc:subfield>
      <marc:subfield code="4">aus</marc:subfield>
    </marc:datafield>
    <marc:datafield tag="780" ind1=" " ind2="0">
      <marc:subfield code="t">Jenta som lekte med ilden</marc:subfield>
    </marc:datafield>
  </marc:record>