
  <marc:record>
    <marc:leader>01925nam a20003254500 </marc:leader>
    <marc:controlfield tag="008">180405s2018 09 a 10mul 9</marc:controlfield>
    <marc:datafield tag="041" ind1="1" ind2=" ">
      <marc:subfield code="a">eng</marc:subfield>
      <marc:subfield code="b">swedannobfineng</marc:subfield>
    </marc:datafield>
    <marc:datafield tag="130" ind1=" " ind2=" ">
      <marc:subfield code="a">Murder on the Orient Express [Motion picture]</marc:subfield>
      <marc:subfield code="1">https://www.imdb.com/title/tt3402236</marc:subfield>
    </marc:datafield>
    <marc:datafield tag="245" ind1="0" ind2="0">
      <marc:subfield code="a">Murder on the Orient Express</marc:subfield>
      <marc:subfield code="c"> screenplay by Michael Green ; directed by Kenneth Branagh </marc:subfield>
      <marc:subfield code="h">video</marc:subfield>
    </marc:datafield>
    <marc:datafield tag="260" ind1=" " ind2=" ">
      <marc:subfield code="a">Oslo</marc:subfield>
      <marc:subfield code="b">Twentieth Century Fox Entertainment</marc:subfield>
      <marc:subfield code="c">2017</marc:subfield>
    </marc:datafield>
    <marc:datafield tag="300" ind1=" " ind2=" ">
      <marc:subfield code="a">1 DVD (1 t, 49 min)</marc:subfield>
      <marc:subfield code="b">lyd, kol.</marc:subfield>
    </marc:datafield>
    <marc:datafield tag="336" ind1=" " ind2=" ">
      <marc:subfield code="a">two-dimensional moving image</marc:subfield>
      <marc:subfield code="b">tdi</marc:subfield>
      <marc:subfield code="0">http://rdaregistry.info/termList/RDAContentType/1023</marc:subfield>
      <marc:subfield code="2">rdacontent</marc:subfield>
    </marc:datafield>
    <marc:datafield tag="337" ind1=" " ind2=" ">
      <marc:subfield code="a">video</marc:subfield>
      <marc:subfield code="b">v</marc:subfield>
      <marc:subfield code="0">http://rdaregistry.info/termList/RDAMediaType/1008</marc:subfield>
      <marc:subfield code="2">rdamedia</marc:subfield>
    </marc:datafield>
    <marc:datafield tag="338" ind1=" " ind2=" ">
      <marc:subfield code="a">videodisc</marc:subfield>
      <marc:subfield code="b">vd</marc:subfield>
      <marc:subfield code="0">hhttp://rdaregistry.info/termList/RDACarrierType/1060</marc:subfield>
      <marc:subfield code="2">rdacarrier</marc:subfield>
    </marc:datafield>
    <marc:datafield tag="380" ind1=" " ind2=" ">
      <marc:subfield code="a">Film adaptations</marc:subfield>
      <marc:subfield code="0">http://id.loc.gov/authorities/genreForms/gf2011026254</marc:subfield>
      <marc:subfield code="2">LCGFT</marc:subfield>
    </marc:datafield>
    <marc:datafield tag="503" ind1=" " ind2=" ">
      <marc:subfield code="a">Basert på Agatha Christies roman</marc:subfield>
    </marc:datafield>
    <marc:datafield tag="511" ind1=" " ind2=" ">
      <marc:subfield code="a"> I rollene: Tom Bateman, Kenneth Branagh, Penélope Cruz m.fl.
      </marc:subfield>
    </marc:datafield>
    <marc:datafield tag="512" ind1=" " ind2=" ">
      <marc:subfield code="a">Spillefilm</marc:subfield>
    </marc:datafield>
    <marc:datafield tag="521" ind1=" " ind2=" ">
      <marc:subfield code="a">Aldersgrense: 12 år</marc:subfield>
    </marc:datafield>
    <marc:datafield tag="546" ind1=" " ind2=" ">
      <marc:subfield code="a">English tale, tekst på flere språk</marc:subfield>
    </marc:datafield>
    <marc:datafield tag="600" ind1=" " ind2=" ">
      <marc:subfield code="a">Poirot, Hercule</marc:subfield>
      <marc:subfield code="c">fiktiv karakter</marc:subfield>
      <marc:subfield code="1">http://viaf.org/viaf/22943082</marc:subfield>
    </marc:datafield>
    <marc:datafield tag="655" ind1=" " ind2="0">
      <marc:subfield code="a">Krim</marc:subfield>
    </marc:datafield>
    <marc:datafield tag="655" ind1="5" ind2="5">
      <marc:subfield code="a">Spillefilm</marc:subfield>
    </marc:datafield>
    <marc:datafield tag="700" ind1="1" ind2="0">
      <marc:subfield code="a">Christie, Agatha</marc:subfield>
      <marc:subfield code="d">1890-1976.</marc:subfield>
      <marc:subfield code="i">Adaptation of work</marc:subfield>
      <marc:subfield code="t">Murder on the Orient Express </marc:subfield>
      <marc:subfield code="1">http://viaf.org/viaf/316741387</marc:subfield>
      <marc:subfield code="4">http://rdaregistry.info/Elements/w/adaptationOfWork.en</marc:subfield>
    </marc:datafield>
    <marc:datafield tag="700" ind1=" " ind2="0">
      <marc:subfield code="a">Bateman, Tom</marc:subfield>
      <marc:subfield code="d">1989-</marc:subfield>
      <marc:subfield code="e">skuesp.</marc:subfield>
      <marc:subfield code="1">https://www.imdb.com/name/nm5290643</marc:subfield>
      <marc:subfield code="4">act</marc:subfield>
    </marc:datafield>
    <marc:datafield tag="700" ind1="1" ind2="0">
      <marc:subfield code="a">Branagh, Kenneth</marc:subfield>
      <marc:subfield code="d">1960-.</marc:subfield>
      <marc:subfield code="e">regissør</marc:subfield>
      <marc:subfield code="1">https://www.imdb.com/name/nm0000110</marc:subfield>
      <marc:subfield code="4">drt</marc:subfield>
    </marc:datafield>
    <marc:datafield tag="700" ind1="1" ind2="0">
      <marc:subfield code="a">Branagh, Kenneth</marc:subfield>
      <marc:subfield code="d">1960-.</marc:subfield>
      <marc:subfield code="e">skuesp.</marc:subfield>
      <marc:subfield code="1">https://www.imdb.com/name/nm0000110</marc:subfield>
      <marc:subfield code="4">act</marc:subfield>
    </marc:datafield>
    <marc:datafield tag="700" ind1="1" ind2="0">
      <marc:subfield code="a">Christie, Agatha</marc:subfield>
      <marc:subfield code="d">1890-1976.</marc:subfield>
      <marc:subfield code="e">oppr. forf.</marc:subfield>
      <marc:subfield code="1">http://viaf.org/viaf/71388952</marc:subfield>
      <marc:subfield code="4">aut</marc:subfield>
    </marc:datafield>
    <marc:datafield tag="700" ind1="1" ind2="0">
      <marc:subfield code="a">Cruz, Penélope</marc:subfield>
      <marc:subfield code="d">1974-.</marc:subfield>
      <marc:subfield code="e">skuesp.</marc:subfield>
      <marc:subfield code="1">https://www.imdb.com/name/nm0004851</marc:subfield>
      <marc:subfield code="4">act</marc:subfield>
    </marc:datafield>
    <marc:datafield tag="700" ind1="1" ind2="0">
      <marc:subfield code="a">Green, Michael</marc:subfield>
      <marc:subfield code="e">manusforf.</marc:subfield>
      <marc:subfield code="1">https://www.imdb.com/name/nm0338169</marc:subfield>
      <marc:subfield code="4">aus</marc:subfield>
    </marc:datafield>
  </marc:record>