
  <marc:record>
    <marc:leader>01497cgm a22002655a 4500</marc:leader>
    <marc:controlfield tag="008">021212s2001    mdu153            vleng d</marc:controlfield>
    <marc:datafield tag="020" ind1=" " ind2=" ">
      <marc:subfield code="a">1569384827</marc:subfield>
    </marc:datafield>
    <marc:datafield tag="245" ind1="0" ind2="0">
      <marc:subfield code="a">Agatha Christie's Poirot.</marc:subfield>
      <marc:subfield code="n">Collector's set 10</marc:subfield>
      <marc:subfield code="h">[videorecording] /</marc:subfield>
      <marc:subfield code="c">London Weekend Television ; producer, Brian Eastman, director, Renny
        Rye.</marc:subfield>
    </marc:datafield>
    <marc:datafield tag="260" ind1=" " ind2=" ">
      <marc:subfield code="a">Silver Spring, MD :</marc:subfield>
      <marc:subfield code="b">Acorn Media,</marc:subfield>
      <marc:subfield code="c">c2001.</marc:subfield>
    </marc:datafield>
    <marc:datafield tag="300" ind1=" " ind2=" ">
      <marc:subfield code="a">3 videokassetter (ca. 51 min. hver) </marc:subfield>
    </marc:datafield>
    <marc:datafield tag="336" ind1=" " ind2=" ">
      <marc:subfield code="a">two-dimensional moving image</marc:subfield>
      <marc:subfield code="b">tdi</marc:subfield>
      <marc:subfield code="0">http://rdaregistry.info/termList/RDAContentType/1023</marc:subfield>
      <marc:subfield code="2">rdacontent</marc:subfield>
    </marc:datafield>
    <marc:datafield tag="337" ind1=" " ind2=" ">
      <marc:subfield code="a">video</marc:subfield>
      <marc:subfield code="b">v</marc:subfield>
      <marc:subfield code="0">http://rdaregistry.info/termList/RDAMediaType/1008</marc:subfield>
      <marc:subfield code="2">rdamedia</marc:subfield>
    </marc:datafield>
    <marc:datafield tag="338" ind1=" " ind2=" ">
      <marc:subfield code="a">videocassette </marc:subfield>
      <marc:subfield code="b">vf</marc:subfield>
      <marc:subfield code="0">hhttp://rdaregistry.info/termList/RDACarrierType/1052</marc:subfield>
      <marc:subfield code="2">rdacarrier</marc:subfield>
    </marc:datafield>
    <marc:datafield tag="380" ind1=" " ind2=" ">
      <marc:subfield code="a">Film adaptations</marc:subfield>
      <marc:subfield code="0">http://id.loc.gov/authorities/genreForms/gf2011026254</marc:subfield>
      <marc:subfield code="2">LCGFT</marc:subfield>
    </marc:datafield>
    <marc:datafield tag="511" ind1="1" ind2=" ">
      <marc:subfield code="a">David Suchet, Hugh Fraser, Pauline Moran.</marc:subfield>
    </marc:datafield>
    <marc:datafield tag="600" ind1="1" ind2="0">
      <marc:subfield code="a">Christie, Agatha,</marc:subfield>
      <marc:subfield code="d">1890-1976.</marc:subfield>
      <marc:subfield code="1">http://viaf.org/viaf/71388952</marc:subfield>
    </marc:datafield>
    <marc:datafield tag="600" ind1=" " ind2="2">
      <marc:subfield code="a">Poirot, Hercule</marc:subfield>
      <marc:subfield code="q">fiktiv karakter</marc:subfield>
      <marc:subfield code="1">http://viaf.org/viaf/22943082</marc:subfield>
    </marc:datafield>
    <marc:datafield tag="650" ind1=" " ind2="0">
      <marc:subfield code="a">Detektiv og mysterier</marc:subfield>
      <marc:subfield code="z">Storbritania.</marc:subfield>
    </marc:datafield>
    <marc:datafield tag="700" ind1="1" ind2=" ">
      <marc:subfield code="a">Christie, Agatha,</marc:subfield>
      <marc:subfield code="d">1890-1976.</marc:subfield>
      <marc:subfield code="1">http://viaf.org/viaf/71388952</marc:subfield>
      <marc:subfield code="4">aut</marc:subfield>
    </marc:datafield>
    <marc:datafield tag="700" ind1="1" ind2=" ">
      <marc:subfield code="a">Rye, Renny.</marc:subfield>
      <marc:subfield code="1">https://www.imdb.com/name/nm0002723</marc:subfield>
      <marc:subfield code="4">drt</marc:subfield>
    </marc:datafield>
    <marc:datafield tag="700" ind1="1" ind2=" ">
      <marc:subfield code="a">Suchet, David.</marc:subfield>
      <marc:subfield code="1">https://www.imdb.com/name/nm0837064</marc:subfield>
      <marc:subfield code="4">act</marc:subfield>
    </marc:datafield>
    <marc:datafield tag="700" ind1="1" ind2=" ">
      <marc:subfield code="a">Fraser, Hugh.</marc:subfield>
      <marc:subfield code="1">https://www.imdb.com/name/nm0292140</marc:subfield>
      <marc:subfield code="4">act</marc:subfield>
    </marc:datafield>
    <marc:datafield tag="700" ind1="1" ind2=" ">
      <marc:subfield code="a">Moran, Pauline.</marc:subfield>
      <marc:subfield code="1">https://www.imdb.com/name/nm0602954</marc:subfield>
      <marc:subfield code="4">act</marc:subfield>
    </marc:datafield>
    <marc:datafield tag="710" ind1="2" ind2=" ">
      <marc:subfield code="a">London Weekend Television (Firm)</marc:subfield>
    </marc:datafield>
    <marc:datafield tag="710" ind1="2" ind2=" ">
      <marc:subfield code="a">Acorn Media (Firm)</marc:subfield>
    </marc:datafield>
  </marc:record>