
  <marc:record>
    <marc:leader>01339cam a2200241 a 4500</marc:leader>
    <marc:controlfield tag="008">120730s2012    nyua     6    000 1 eng  </marc:controlfield>
    <marc:datafield tag="020" ind1=" " ind2=" ">
      <marc:subfield code="a">9781401235574</marc:subfield>
    </marc:datafield>
    <marc:datafield tag="100" ind1="1" ind2=" ">
      <marc:subfield code="a">Mina, Denise.</marc:subfield>
      <marc:subfield code="1">http://viaf.org/viaf/59311376</marc:subfield>
      <marc:subfield code="4">aut</marc:subfield>
    </marc:datafield>
    <marc:datafield tag="240" ind1="1" ind2="0">
      <marc:subfield code="a">The girl with the dragon tattoo.</marc:subfield>
      <marc:subfield code="l">English</marc:subfield>
      <marc:subfield code="1">http://www.worldcat.org/oclc/820521860</marc:subfield>
    </marc:datafield>
    <marc:datafield tag="245" ind1="1" ind2="4">
      <marc:subfield code="a">The girl with the dragon tattoo.</marc:subfield>
      <marc:subfield code="n">Book 1 /</marc:subfield>
      <marc:subfield code="c">by Denise Mina, Andrea Mutti, Leonardo Manco.</marc:subfield>
    </marc:datafield>
    <marc:datafield tag="260" ind1=" " ind2=" ">
      <marc:subfield code="a">New York :</marc:subfield>
      <marc:subfield code="b">DC Comics/Vertigo,</marc:subfield>
      <marc:subfield code="c">c2012.</marc:subfield>
    </marc:datafield>
    <marc:datafield tag="300" ind1=" " ind2=" ">
      <marc:subfield code="a">2 v. :</marc:subfield>
      <marc:subfield code="b">col. ill. ;</marc:subfield>
      <marc:subfield code="c">27 cm.</marc:subfield>
    </marc:datafield>
    <marc:datafield tag="336" ind1=" " ind2=" ">
      <marc:subfield code="a">still image</marc:subfield>
      <marc:subfield code="b">sti</marc:subfield>
      <marc:subfield code="0">http://rdaregistry.info/termList/RDAContentType/1014</marc:subfield>
      <marc:subfield code="2">rdacontent</marc:subfield>
    </marc:datafield>
    <marc:datafield tag="337" ind1=" " ind2=" ">
      <marc:subfield code="a">unmediated</marc:subfield>
      <marc:subfield code="b">n</marc:subfield>
      <marc:subfield code="0">http://rdaregistry.info/termList/RDAMediaType/1007</marc:subfield>
      <marc:subfield code="2">rdamedia</marc:subfield>
    </marc:datafield>
    <marc:datafield tag="338" ind1=" " ind2=" ">
      <marc:subfield code="a">volume</marc:subfield>
      <marc:subfield code="b">nc</marc:subfield>
      <marc:subfield code="0">http://rdaregistry.info/termList/RDACarrierType/1049</marc:subfield>
      <marc:subfield code="2">rdacarrier</marc:subfield>
    </marc:datafield>
    <marc:datafield tag="380" ind1=" " ind2=" ">
      <marc:subfield code="a">Graphic novel adaptations</marc:subfield>
      <marc:subfield code="0">http://id.loc.gov/authorities/genreForms/gf2017026130</marc:subfield>
      <marc:subfield code="2">LCGFT</marc:subfield>
    </marc:datafield>
    <marc:datafield tag="490" ind1="0" ind2=" ">
      <marc:subfield code="a">Millennium Triologien.</marc:subfield>
    </marc:datafield>
    <marc:datafield tag="650" ind1=" " ind2="0">
      <marc:subfield code="a">Krim</marc:subfield>
      <marc:subfield code="z">Sverige</marc:subfield>
      <marc:subfield code="v">Tegneserier.</marc:subfield>
    </marc:datafield>
    <marc:datafield tag="655" ind1=" " ind2="0">
      <marc:subfield code="a">Krim</marc:subfield>
    </marc:datafield>
    <marc:datafield tag="655" ind1=" " ind2="0">
      <marc:subfield code="a">Grafisk roman</marc:subfield>
    </marc:datafield>
    <marc:datafield tag="700" ind1="1" ind2=" ">
      <marc:subfield code="a">Manco, Leonardo.</marc:subfield>
      <marc:subfield code="d">1971-</marc:subfield>
      <marc:subfield code="1">http://viaf.org/viaf/39686574</marc:subfield>
      <marc:subfield code="4">ill</marc:subfield>
    </marc:datafield>
    <marc:datafield tag="700" ind1="1" ind2=" ">
      <marc:subfield code="a">Mutti, Andrea,</marc:subfield>
      <marc:subfield code="d">1973-</marc:subfield>
      <marc:subfield code="1">http://viaf.org/viaf/245655</marc:subfield>
      <marc:subfield code="4">ill</marc:subfield>
    </marc:datafield>
    <marc:datafield tag="700" ind1="1" ind2=" ">
      <marc:subfield code="a">Larsson, Stieg,</marc:subfield>
      <marc:subfield code="d">1954-2004.</marc:subfield>
      <marc:subfield code="i">Adaptation of work</marc:subfield>
      <marc:subfield code="t">Män som hatar kvinnor </marc:subfield>
      <marc:subfield code="1">http://viaf.org/viaf/4188148523903220970001</marc:subfield>
      <marc:subfield code="4">http://rdaregistry.info/Elements/w/adaptationOfWork.en</marc:subfield>
    </marc:datafield>
  </marc:record>