
  <marc:record>
    <marc:leader>01407nam a2200253 c 4500</marc:leader>
    <marc:controlfield tag="008">141125s2014    sp a   | |||| 000 1 cat  </marc:controlfield>
    <marc:datafield tag="020" ind1=" " ind2=" ">
      <marc:subfield code="a">978-84-15745-58-7</marc:subfield>
    </marc:datafield>
    <marc:datafield tag="041" ind1="1" ind2=" ">
      <marc:subfield code="a">cat</marc:subfield>
      <marc:subfield code="h">fre</marc:subfield>
    </marc:datafield>
    <marc:datafield tag="100" ind1="1" ind2=" ">
      <marc:subfield code="a">Runberg, Sylvain</marc:subfield>
      <marc:subfield code="d">1971-.</marc:subfield>
      <marc:subfield code="1">http://viaf.org/viaf/47008715</marc:subfield>
      <marc:subfield code="4">aut</marc:subfield>
    </marc:datafield>
    <marc:datafield tag="240" ind1="1" ind2="0">
      <marc:subfield code="a">La fille qui rêvait d'un bidon d'essence et d'une
        allumette</marc:subfield>
      <marc:subfield code="l">Catalán</marc:subfield>
      <marc:subfield code="1">http://www.worldcat.org/oclc/903320956</marc:subfield>
    </marc:datafield>
    <marc:datafield tag="245" ind1="1" ind2="3">
      <marc:subfield code="a">La noia que somiava un llumí i un bidó de gasolina</marc:subfield>
      <marc:subfield code="c">[Runberg &amp; Man, basat en la trilogía de Stieg Larsson ; traducció,
        Glòria Roset Arissó]</marc:subfield>
    </marc:datafield>
    <marc:datafield tag="260" ind1=" " ind2=" ">
      <marc:subfield code="a">Barcelona</marc:subfield>
      <marc:subfield code="b">Fanbooks</marc:subfield>
      <marc:subfield code="c">2014</marc:subfield>
    </marc:datafield>
    <marc:datafield tag="300" ind1=" " ind2=" ">
      <marc:subfield code="a">132 s.</marc:subfield>
      <marc:subfield code="b">principalmente il. col.</marc:subfield>
      <marc:subfield code="c">28 cm</marc:subfield>
    </marc:datafield>
    <marc:datafield tag="336" ind1=" " ind2=" ">
      <marc:subfield code="a">still image</marc:subfield>
      <marc:subfield code="b">sti</marc:subfield>
      <marc:subfield code="0">http://rdaregistry.info/termList/RDAContentType/1014</marc:subfield>
      <marc:subfield code="2">rdacontent</marc:subfield>
    </marc:datafield>
    <marc:datafield tag="337" ind1=" " ind2=" ">
      <marc:subfield code="a">unmediated</marc:subfield>
      <marc:subfield code="b">n</marc:subfield>
      <marc:subfield code="0">http://rdaregistry.info/termList/RDAMediaType/1007</marc:subfield>
      <marc:subfield code="2">rdamedia</marc:subfield>
    </marc:datafield>
    <marc:datafield tag="338" ind1=" " ind2=" ">
      <marc:subfield code="a">volume</marc:subfield>
      <marc:subfield code="b">nc</marc:subfield>
      <marc:subfield code="0">http://rdaregistry.info/termList/RDACarrierType/1049</marc:subfield>
      <marc:subfield code="2">rdacarrier</marc:subfield>
    </marc:datafield>
    <marc:datafield tag="380" ind1=" " ind2=" ">
      <marc:subfield code="a">Graphic novel adaptations</marc:subfield>
      <marc:subfield code="0">http://id.loc.gov/authorities/genreForms/gf2017026130</marc:subfield>
      <marc:subfield code="2">LCGFT</marc:subfield>
    </marc:datafield>
    <marc:datafield tag="490" ind1="0" ind2=" ">
      <marc:subfield code="a">Tegneserier</marc:subfield>
    </marc:datafield>
    <marc:datafield tag="490" ind1="0" ind2=" ">
      <marc:subfield code="a">Millenium</marc:subfield>
      <marc:subfield code="v">2</marc:subfield>
    </marc:datafield>
    <marc:datafield tag="655" ind1=" " ind2=" ">
      <marc:subfield code="a">Krim</marc:subfield>
    </marc:datafield>
    <marc:datafield tag="655" ind1=" " ind2=" ">
      <marc:subfield code="a">Grafisk roman</marc:subfield>
    </marc:datafield>
    <marc:datafield tag="700" ind1="0" ind2=" ">
      <marc:subfield code="a">Arissó, Gloria Roset</marc:subfield>
      <marc:subfield code="4">trl</marc:subfield>
    </marc:datafield>
    <marc:datafield tag="700" ind1="0" ind2=" ">
      <marc:subfield code="a">Man</marc:subfield>
      <marc:subfield code="d">1976-</marc:subfield>
      <marc:subfield code="e">dibujante</marc:subfield>
      <marc:subfield code="1">http://viaf.org/viaf/21546595</marc:subfield>
      <marc:subfield code="4">art</marc:subfield>
    </marc:datafield>
    <marc:datafield tag="700" ind1="1" ind2=" ">
      <marc:subfield code="a">Larsson, Stieg</marc:subfield>
      <marc:subfield code="d">1954-2004</marc:subfield>
      <marc:subfield code="i">Adaptation of work</marc:subfield>
      <marc:subfield code="t">Flickan som lekte med elden</marc:subfield>
      <marc:subfield code="1">http://viaf.org/viaf/1965149068358065730000</marc:subfield>
      <marc:subfield code="4">http://rdaregistry.info/Elements/w/adaptationOfWork.en</marc:subfield>
    </marc:datafield>
  </marc:record>