
  <marc:record>
    <marc:leader>01502nam a22002657c 4500</marc:leader>
    <marc:controlfield tag="008">160209s2015    sp a   | |||| 000 1 cat  </marc:controlfield>
    <marc:datafield tag="020" ind1=" " ind2=" ">
      <marc:subfield code="a">978-84-16476-64-0</marc:subfield>
    </marc:datafield>
    <marc:datafield tag="041" ind1="1" ind2=" ">
      <marc:subfield code="a">cat</marc:subfield>
      <marc:subfield code="h">fre</marc:subfield>
    </marc:datafield>
    <marc:datafield tag="100" ind1="1" ind2=" ">
      <marc:subfield code="a">Runberg, Sylvain</marc:subfield>
      <marc:subfield code="d">1971-.</marc:subfield>
      <marc:subfield code="1">http://viaf.org/viaf/47008715</marc:subfield>
      <marc:subfield code="4">aut</marc:subfield>
    </marc:datafield>
    <marc:datafield tag="240" ind1="1" ind2="0">
      <marc:subfield code="a">Les hommes qui n'aimaient pas les femmes</marc:subfield>
      <marc:subfield code="l">Catalán</marc:subfield>
      <marc:subfield code="1">http://www.worldcat.org/oclc/867240432</marc:subfield>
    </marc:datafield>
    <marc:datafield tag="245" ind1="1" ind2="3">
      <marc:subfield code="a">La reina al palau dels corrents d'aire</marc:subfield>
      <marc:subfield code="c">[Runberg, Homs &amp; Man, basat en la trilogía de Stieg Larsson ;
        traducció, Laura Casanovas Navarro]</marc:subfield>
    </marc:datafield>
    <marc:datafield tag="260" ind1=" " ind2=" ">
      <marc:subfield code="a">Barcelona</marc:subfield>
      <marc:subfield code="b">Fanbooks</marc:subfield>
      <marc:subfield code="c">2015</marc:subfield>
    </marc:datafield>
    <marc:datafield tag="300" ind1=" " ind2=" ">
      <marc:subfield code="a">132 s.</marc:subfield>
      <marc:subfield code="b">principalmente il. col.</marc:subfield>
      <marc:subfield code="c">28 cm</marc:subfield>
    </marc:datafield>
    <marc:datafield tag="336" ind1=" " ind2=" ">
      <marc:subfield code="a">still image</marc:subfield>
      <marc:subfield code="b">sti</marc:subfield>
      <marc:subfield code="0">http://rdaregistry.info/termList/RDAContentType/1014</marc:subfield>
      <marc:subfield code="2">rdacontent</marc:subfield>
    </marc:datafield>
    <marc:datafield tag="337" ind1=" " ind2=" ">
      <marc:subfield code="a">unmediated</marc:subfield>
      <marc:subfield code="b">n</marc:subfield>
      <marc:subfield code="0">http://rdaregistry.info/termList/RDAMediaType/1007</marc:subfield>
      <marc:subfield code="2">rdamedia</marc:subfield>
    </marc:datafield>
    <marc:datafield tag="338" ind1=" " ind2=" ">
      <marc:subfield code="a">volume</marc:subfield>
      <marc:subfield code="b">nc</marc:subfield>
      <marc:subfield code="0">http://rdaregistry.info/termList/RDACarrierType/1049</marc:subfield>
      <marc:subfield code="2">rdacarrier</marc:subfield>
    </marc:datafield>
    <marc:datafield tag="380" ind1=" " ind2=" ">
      <marc:subfield code="a">Graphic novel adaptations</marc:subfield>
      <marc:subfield code="0">http://id.loc.gov/authorities/genreForms/gf2017026130</marc:subfield>
      <marc:subfield code="2">LCGFT</marc:subfield>
    </marc:datafield>
    <marc:datafield tag="490" ind1="0" ind2=" ">
      <marc:subfield code="a">Tegneserier</marc:subfield>
    </marc:datafield>
    <marc:datafield tag="490" ind1="0" ind2=" ">
      <marc:subfield code="a">Millenium</marc:subfield>
      <marc:subfield code="v">3</marc:subfield>
    </marc:datafield>
    <marc:datafield tag="655" ind1=" " ind2=" ">
      <marc:subfield code="a">Krim</marc:subfield>
    </marc:datafield>
    <marc:datafield tag="655" ind1=" " ind2=" ">
      <marc:subfield code="a">Grafisk roman</marc:subfield>
    </marc:datafield>
    <marc:datafield tag="700" ind1="1" ind2=" ">
      <marc:subfield code="a">Navarro, Laura Casanovas </marc:subfield>
      <marc:subfield code="d">1971-</marc:subfield>
      <marc:subfield code="1">http://viaf.org/viaf/306348282</marc:subfield>
      <marc:subfield code="4">trl</marc:subfield>
    </marc:datafield>
    <marc:datafield tag="700" ind1="1" ind2=" ">
      <marc:subfield code="a">Homs, José</marc:subfield>
      <marc:subfield code="d">1975-</marc:subfield>
      <marc:subfield code="e">dibujante</marc:subfield>
      <marc:subfield code="1">http://viaf.org/viaf/88095163</marc:subfield>
      <marc:subfield code="4">art</marc:subfield>
    </marc:datafield>
    <marc:datafield tag="700" ind1="0" ind2=" ">
      <marc:subfield code="a">Man</marc:subfield>
      <marc:subfield code="d">1976-</marc:subfield>
      <marc:subfield code="e">dibujante</marc:subfield>
      <marc:subfield code="1">http://viaf.org/viaf/21546595</marc:subfield>
      <marc:subfield code="4">art</marc:subfield>
    </marc:datafield>
    <marc:datafield tag="700" ind1="1" ind2=" ">
      <marc:subfield code="a">Larsson, Stieg</marc:subfield>
      <marc:subfield code="d">1954-2004</marc:subfield>
      <marc:subfield code="i">Adaptation of work</marc:subfield>
      <marc:subfield code="t">Män som hatar kvinnor s</marc:subfield>
      <marc:subfield code="1">http://viaf.org/viaf/4188148523903220970001</marc:subfield>
      <marc:subfield code="4">http://rdaregistry.info/Elements/w/adaptationOfWork.en</marc:subfield>
    </marc:datafield>
  </marc:record>