
  <marc:record>
    <marc:leader>01837aam a22002891i 4500</marc:leader>
    <marc:controlfield tag="008">181206s2018    nyua    o     000 1 eng d</marc:controlfield>
    <marc:datafield tag="020" ind1=" " ind2=" ">
      <marc:subfield code="a">9781681779454</marc:subfield>
      <marc:subfield code="q">(electronic bk.)</marc:subfield>
    </marc:datafield>
    <marc:datafield tag="100" ind1="1" ind2=" ">
      <marc:subfield code="a">King, Laurie R.</marc:subfield>
      <marc:subfield code="4">edt</marc:subfield>
      <marc:subfield code="1">http://viaf.org/viaf/79368748</marc:subfield>
    </marc:datafield>
    <marc:datafield tag="240" ind1="0" ind2="0">
      <marc:subfield code="a">For the sake of the game :</marc:subfield>
      <marc:subfield code="k">stories inspired by the Sherlock Holmes canon</marc:subfield>
      <marc:subfield code="l">English</marc:subfield>
      <marc:subfield code="1">http://www.worldcat.org/oclc/1065532734 </marc:subfield>
    </marc:datafield>
    <marc:datafield tag="245" ind1="0" ind2="0">
      <marc:subfield code="a">For the sake of the game :</marc:subfield>
      <marc:subfield code="b">stories inspired by the Sherlock Holmes canon /</marc:subfield>
      <marc:subfield code="c">edited by Laurie R. King and Leslie S. Klinger.</marc:subfield>
    </marc:datafield>
    <marc:datafield tag="264" ind1=" " ind2="1">
      <marc:subfield code="a">New York :</marc:subfield>
      <marc:subfield code="b">Pegasus Crime,</marc:subfield>
      <marc:subfield code="c">2018.</marc:subfield>
    </marc:datafield>
    <marc:datafield tag="300" ind1=" " ind2=" ">
      <marc:subfield code="a">1 online resource (264 pages) :</marc:subfield>
      <marc:subfield code="b">illustrations.</marc:subfield>
    </marc:datafield>
    <marc:datafield tag="336" ind1=" " ind2=" ">
      <marc:subfield code="a">text</marc:subfield>
      <marc:subfield code="b">txt</marc:subfield>
      <marc:subfield code="2">rdacontent</marc:subfield>
      <marc:subfield code="0">http://rdaregistry.info/termList/RDAContentType/1020</marc:subfield>
    </marc:datafield>
    <marc:datafield tag="337" ind1=" " ind2=" ">
      <marc:subfield code="a">computer</marc:subfield>
      <marc:subfield code="b">c</marc:subfield>
      <marc:subfield code="2">rdamedia</marc:subfield>
      <marc:subfield code="0">http://rdaregistry.info/termList/RDAMediaType/1003</marc:subfield>
    </marc:datafield>
    <marc:datafield tag="338" ind1=" " ind2=" ">
      <marc:subfield code="a">online resource</marc:subfield>
      <marc:subfield code="b">cr</marc:subfield>
      <marc:subfield code="2">rdacarrier</marc:subfield>
      <marc:subfield code="0">http://rdaregistry.info/termList/RDACarrierType/1018</marc:subfield>
    </marc:datafield>
    <marc:datafield tag="380" ind1=" " ind2=" ">
      <marc:subfield code="a">Linked stories</marc:subfield>
      <marc:subfield code="0">http://id.loc.gov/authorities/genreForms/gf2018026126</marc:subfield>
      <marc:subfield code="2">LCGFT</marc:subfield>
    </marc:datafield>
    <marc:datafield tag="505" ind1="0" ind2=" ">
      <marc:subfield code="a">Dr. Watson's song / by Peter S. Beagle -- The adventure of the Abu Qir
        sapphire / F. Paul Wilson -- The walk-in / by Harley Jane Kozak -- The case of the missing
        case / by Alan Gordon -- Sherlocked / by Rhys Bowen -- A study in absence / by Reed Farrel
        Coleman -- The adventure of the six Sherlocks / by Toni L.P. Kelner -- The case of the naked
        butterfly / by William Kotzwinkle and Joe Servello -- Bottom line / by D.P. Lyle -- Buy a
        bullet / by Gregg Hurwitz -- The girl in the key of c / by Weston Ochse -- The ghost of the
        lake / by Jamie Freveletti -- Tough guy ballet / by Duane Swierczynksi -- Hounded / by Zoë
        Sharp.</marc:subfield>
    </marc:datafield>
    <marc:datafield tag="600" ind1="1" ind2="0">
      <marc:subfield code="a">Holmes, Sherlock</marc:subfield>
      <marc:subfield code="c">fiktiv karakter</marc:subfield>
      <marc:subfield code="1">http://viaf.org/viaf/173636607</marc:subfield>
    </marc:datafield>
    <marc:datafield tag="600" ind1="1" ind2="0">
      <marc:subfield code="a">Watson, John H.</marc:subfield>
      <marc:subfield code="c">fiktiv karakter</marc:subfield>
      <marc:subfield code="1">http://viaf.org/viaf/90776671</marc:subfield>
    </marc:datafield>
    <marc:datafield tag="650" ind1=" " ind2="0">
      <marc:subfield code="a">Mord</marc:subfield>
      <marc:subfield code="x">Etterforskning</marc:subfield>
    </marc:datafield>
    <marc:datafield tag="655" ind1=" " ind2="7">
      <marc:subfield code="a">Krim</marc:subfield>
      <marc:subfield code="2">lcgft</marc:subfield>
    </marc:datafield>
    <marc:datafield tag="700" ind1="1" ind2=" ">
      <marc:subfield code="a">King, Laurie R.</marc:subfield>
      <marc:subfield code="e">editor.</marc:subfield>
      <marc:subfield code="4">edt</marc:subfield>
      <marc:subfield code="1">http://viaf.org/viaf/79368748 </marc:subfield>
    </marc:datafield>
    <marc:datafield tag="700" ind1="1" ind2=" ">
      <marc:subfield code="a">Klinger, Leslie S.</marc:subfield>
      <marc:subfield code="e">editor.</marc:subfield>
      <marc:subfield code="4">edt</marc:subfield>
      <marc:subfield code="1">http://viaf.org/viaf/71652881</marc:subfield>
    </marc:datafield>
    <marc:datafield tag="700" ind1="1" ind2="2">
      <marc:subfield code="a">Beagle, Peter S.</marc:subfield>
      <marc:subfield code="t">Dr. Watson's song.</marc:subfield>
    </marc:datafield>
    <marc:datafield tag="700" ind1="1" ind2="2">
      <marc:subfield code="a">Wilson, F. Paul</marc:subfield>
      <marc:subfield code="t">Adventure of the Abu Qir sapphire.</marc:subfield>
    </marc:datafield>
    <marc:datafield tag="700" ind1="1" ind2="2">
      <marc:subfield code="a">Kozak, Harley Jane</marc:subfield>
      <marc:subfield code="d">1957-</marc:subfield>
      <marc:subfield code="t">Walk-in.</marc:subfield>
    </marc:datafield>
    <marc:datafield tag="700" ind1="1" ind2="2">
      <marc:subfield code="a">Gordon, Alan</marc:subfield>
      <marc:subfield code="t">Case of the missing case.</marc:subfield>
    </marc:datafield>
    <marc:datafield tag="700" ind1="1" ind2="2">
      <marc:subfield code="a">Bowen, Rhys</marc:subfield>
      <marc:subfield code="t">Sherlocked.</marc:subfield>
    </marc:datafield>
    <marc:datafield tag="700" ind1="1" ind2="2">
      <marc:subfield code="a">Coleman, Reed Farrel</marc:subfield>
      <marc:subfield code="d">1956-</marc:subfield>
      <marc:subfield code="t">Study in absence.</marc:subfield>
    </marc:datafield>
    <marc:datafield tag="700" ind1="1" ind2="2">
      <marc:subfield code="a">Kelner, Toni L. P.</marc:subfield>
      <marc:subfield code="t">Adventure of the six Sherlocks.</marc:subfield>
    </marc:datafield>
    <marc:datafield tag="700" ind1="1" ind2="2">
      <marc:subfield code="a">Kotzwinkle, William</marc:subfield>
      <marc:subfield code="t">Case of the naked butterfly.</marc:subfield>
    </marc:datafield>
    <marc:datafield tag="700" ind1="1" ind2="2">
      <marc:subfield code="a">Lyle, D. P.</marc:subfield>
      <marc:subfield code="t">Bottom line.</marc:subfield>
    </marc:datafield>
    <marc:datafield tag="700" ind1="1" ind2="2">
      <marc:subfield code="a">Hurwitz, Gregg Andrew</marc:subfield>
      <marc:subfield code="t">Buy a bullet.</marc:subfield>
    </marc:datafield>
  </marc:record>