
  <marc:record>
    <marc:leader>00580nam a22001571 450 </marc:leader>
    <marc:controlfield tag="008">000000s1994    xxu           00| f eng d</marc:controlfield>
    <marc:datafield tag="020" ind1=" " ind2=" ">
      <marc:subfield code="a">0192823744 (pbk.)</marc:subfield>
      <marc:subfield code="c">Đ3.99</marc:subfield>
    </marc:datafield>
    <marc:datafield tag="100" ind1="1" ind2=" ">
      <marc:subfield code="a">Doyle, Arthur Conan</marc:subfield>
      <marc:subfield code="d">1859-1930.</marc:subfield>
      <marc:subfield code="1">http://viaf.org/viaf/65283845</marc:subfield>
      <marc:subfield code="4">aut</marc:subfield>
    </marc:datafield>
    <marc:datafield tag="245" ind1="1" ind2="4">
      <marc:subfield code="a">The case-book of Sherlock Holmes /</marc:subfield>
      <marc:subfield code="c">Arthur Conan Doyle ; edited with an introduction by W.W.
        Robson.</marc:subfield>
    </marc:datafield>
    <marc:datafield tag="260" ind1=" " ind2=" ">
      <marc:subfield code="a">Oxford :</marc:subfield>
      <marc:subfield code="b">Oxford University Press,</marc:subfield>
      <marc:subfield code="c">1994.</marc:subfield>
    </marc:datafield>
    <marc:datafield tag="300" ind1=" " ind2=" ">
      <marc:subfield code="a">xlv, 290 s.</marc:subfield>
    </marc:datafield>
    <marc:datafield tag="336" ind1=" " ind2=" ">
      <marc:subfield code="a">text</marc:subfield>
      <marc:subfield code="b">txt</marc:subfield>
      <marc:subfield code="2">rdacontent</marc:subfield>
      <marc:subfield code="0">http://rdaregistry.info/termList/RDAContentType/1020</marc:subfield>
    </marc:datafield>
    <marc:datafield tag="337" ind1=" " ind2=" ">
      <marc:subfield code="a">unmediated</marc:subfield>
      <marc:subfield code="b">n</marc:subfield>
      <marc:subfield code="2">rdamedia</marc:subfield>
      <marc:subfield code="0">http://rdaregistry.info/termList/RDAMediaType/1007</marc:subfield>
    </marc:datafield>
    <marc:datafield tag="338" ind1=" " ind2=" ">
      <marc:subfield code="a">volume</marc:subfield>
      <marc:subfield code="b">nc</marc:subfield>
      <marc:subfield code="2">rdacarrier</marc:subfield>
      <marc:subfield code="0">http://rdaregistry.info/termList/RDACarrierType/1049</marc:subfield>
    </marc:datafield>
    <marc:datafield tag="380" ind1=" " ind2=" ">
      <marc:subfield code="a">Linked stories</marc:subfield>
      <marc:subfield code="0">http://id.loc.gov/authorities/genreForms/gf2018026126</marc:subfield>
      <marc:subfield code="2">LCGFT</marc:subfield>
    </marc:datafield>
    <marc:datafield tag="440" ind1=" " ind2=" ">
      <marc:subfield code="a">The World's classics</marc:subfield>
    </marc:datafield>
    <marc:datafield tag="440" ind1=" " ind2=" ">
      <marc:subfield code="a">The Oxford Sherlock Holmes</marc:subfield>
    </marc:datafield>
    <marc:datafield tag="600" ind1="1" ind2=" ">
      <marc:subfield code="a">Holmes, Sherlock</marc:subfield>
      <marc:subfield code="b">fiktiv karakter</marc:subfield>
      <marc:subfield code="1">http://viaf.org/viaf/173636607</marc:subfield>
    </marc:datafield>
    <marc:datafield tag="650" ind1=" " ind2="0">
      <marc:subfield code="a">Mord</marc:subfield>
      <marc:subfield code="x">Etterforskning</marc:subfield>
    </marc:datafield>
    <marc:datafield tag="655" ind1=" " ind2="7">
      <marc:subfield code="a">Krim</marc:subfield>
      <marc:subfield code="2">lcgft</marc:subfield>
    </marc:datafield>
    <marc:datafield tag="700" ind1="1" ind2=" ">
      <marc:subfield code="a">Robson, W. W.</marc:subfield>
      <marc:subfield code="d">1923-</marc:subfield>
      <marc:subfield code="q">Robson, William Wallace.</marc:subfield>
      <marc:subfield code="4">aui</marc:subfield>
      <marc:subfield code="1">http://viaf.org/viaf/79094853</marc:subfield>
    </marc:datafield>
  </marc:record>