
  <marc:record>
    <marc:leader>01229cam a2200289 i 4500</marc:leader>
    <marc:controlfield tag="008">180928r20182014nyu|||||||||||000 f|eng|c</marc:controlfield>
    <marc:datafield tag="020" ind1=" " ind2=" ">
      <marc:subfield code="a">9781524732240</marc:subfield>
      <marc:subfield code="q">(hardcover)</marc:subfield>
    </marc:datafield>
    <marc:datafield tag="041" ind1="1" ind2=" ">
      <marc:subfield code="a">eng</marc:subfield>
      <marc:subfield code="h">swe</marc:subfield>
    </marc:datafield>
    <marc:datafield tag="100" ind1="1" ind2=" ">
      <marc:subfield code="a">Kepler, Lars</marc:subfield>
      <marc:subfield code="e">author.</marc:subfield>
      <marcsubfield code="1">http://viaf.org/viaf/95139216</marcsubfield>
      <marc:subfield code="4">aut</marc:subfield>
    </marc:datafield>
    <marc:datafield tag="240" ind1="1" ind2="0">
      <marc:subfield code="a">Sandmannen.</marc:subfield>
      <marc:subfield code="l">Engelska</marc:subfield>
      <marc:subfield code="1">http://viaf.org/viaf/2169152502798710800000</marc:subfield>
    </marc:datafield>
    <marc:datafield tag="245" ind1="1" ind2="4">
      <marc:subfield code="a">The Sandman :</marc:subfield>
      <marc:subfield code="b">a Joona Linna novel /</marc:subfield>
      <marc:subfield code="c">Lars Kepler ; translated from the Swedish by Neil
        Smith.</marc:subfield>
    </marc:datafield>
    <marc:datafield tag="246" ind1="1" ind2="8">
      <marc:subfield code="a">Sandman</marc:subfield>
    </marc:datafield>
    <marc:datafield tag="250" ind1=" " ind2=" ">
      <marc:subfield code="a">First United States Edition.</marc:subfield>
    </marc:datafield>
    <marc:datafield tag="264" ind1=" " ind2="1">
      <marc:subfield code="a">New York, NY :</marc:subfield>
      <marc:subfield code="b">Alfred A. Knopf,</marc:subfield>
      <marc:subfield code="c">2018.</marc:subfield>
    </marc:datafield>
    <marc:datafield tag="264" ind1=" " ind2="4">
      <marc:subfield code="c">2014</marc:subfield>
    </marc:datafield>
    <marc:datafield tag="300" ind1=" " ind2=" ">
      <marc:subfield code="a">443 pages, 6 unnumbered pages</marc:subfield>
      <marc:subfield code="c">25 cm.</marc:subfield>
    </marc:datafield>
    <marc:datafield tag="336" ind1=" " ind2=" ">
      <marc:subfield code="a">text</marc:subfield>
      <marc:subfield code="b">txt</marc:subfield>
      <marc:subfield code="2">rdacontent</marc:subfield>
      <marc:subfield code="0">http://rdaregistry.info/termList/RDAContentType/1020</marc:subfield>
    </marc:datafield>
    <marc:datafield tag="337" ind1=" " ind2=" ">
      <marc:subfield code="a">unmediated</marc:subfield>
      <marc:subfield code="b">n</marc:subfield>
      <marc:subfield code="2">rdamedia</marc:subfield>
      <marc:subfield code="0">http://rdaregistry.info/termList/RDAMediaType/1007</marc:subfield>
    </marc:datafield>
    <marc:datafield tag="338" ind1=" " ind2=" ">
      <marc:subfield code="a">volume</marc:subfield>
      <marc:subfield code="b">nc</marc:subfield>
      <marc:subfield code="2">rdacarrier</marc:subfield>
      <marc:subfield code="0">http://rdaregistry.info/termList/RDACarrierType/1049</marc:subfield>
    </marc:datafield>
    <marc:datafield tag="340" ind1=" " ind2=" ">
      <marc:subfield code="b">25 cm.</marc:subfield>
    </marc:datafield>
    <marc:datafield tag="380" ind1=" " ind2=" ">
      <marc:subfield code="a">Novels</marc:subfield>
      <marc:subfield code="0">http://id.loc.gov/authorities/genreForms/gf2015026020</marc:subfield>
      <marc:subfield code="2">LCGFT</marc:subfield>
    </marc:datafield>
    <marc:datafield tag="490" ind1="1" ind2=" ">
      <marc:subfield code="a">Joona Linna ;</marc:subfield>
      <marc:subfield code="v">4</marc:subfield>
    </marc:datafield>
    <marc:datafield tag="500" ind1=" " ind2=" ">
      <marc:subfield code="a">English translation of Swedish title, Sandmannen.</marc:subfield>
    </marc:datafield>
    <marc:datafield tag="500" ind1=" " ind2=" ">
      <marc:subfield code="a">Originally published in Sweden as Sandmannen by Albert Bonniers
        Förlag, Stockholm, in 2012--Title page verso.</marc:subfield>
    </marc:datafield>
    <marc:datafield tag="500" ind1=" " ind2=" ">
      <marc:subfield code="a">This translation was originally published in slightly different form
        in Great Britain by Blue Door, an imprint of HarperCollins UK, London, in 2014--Title page
        verso.</marc:subfield>
    </marc:datafield>
    <marc:datafield tag="500" ind1=" " ind2=" ">
      <marc:subfield code="a">This is a Borzoi Book--Title page verso.</marc:subfield>
    </marc:datafield>
    <marc:datafield tag="546" ind1=" " ind2=" ">
      <marc:subfield code="a">Translated from the Swedish.</marc:subfield>
    </marc:datafield>
    <marc:datafield tag="600" ind1="1" ind2="0">
      <marc:subfield code="a">Linna, Joona</marc:subfield>
      <marc:subfield code="c">fiktiv karakter</marc:subfield>
      <marc:subfield code="1">http://viaf.org/viaf/307432866</marc:subfield>
    </marc:datafield>
    <marc:datafield tag="650" ind1=" " ind2="0">
      <marc:subfield code="a">Mord</marc:subfield>
      <marc:subfield code="x">Etterforskning</marc:subfield>
    </marc:datafield>
    <marc:datafield tag="655" ind1=" " ind2="7">
      <marc:subfield code="a">Krim</marc:subfield>
      <marc:subfield code="2">lcgft</marc:subfield>
    </marc:datafield>
    <marc:datafield tag="700" ind1="1" ind2=" ">
      <marc:subfield code="a">Smith, Neil</marc:subfield>
      <marc:subfield code="e">translator.</marc:subfield>
      <marc:subfield code="4">trl</marc:subfield>
      <marc:subfield code="1">http://viaf.org/viaf/1540153775042861550005</marc:subfield>
    </marc:datafield>
  </marc:record>