
  <marc:record>
    <marc:leader>00286cgm a22000975a 4500</marc:leader>
    <marc:controlfield tag="008">160726s2013    xx |||            m|und c</marc:controlfield>
    <marc:datafield tag="130" ind1="1" ind2=" ">
      <marc:subfield code="a">Wallander Vol 1</marc:subfield>
      <marc:subfield code="1"
        >https://www.imdb.com/title/tt0907702/?ref_=nv_sr_2?ref_=nv_sr_2</marc:subfield>
    </marc:datafield>
    <marc:datafield tag="245" ind1="1" ind2="0">
      <marc:subfield code="a">Wallander Vol 1 (Innan Frosten, Byfånen, Bröderna)</marc:subfield>
      <marc:subfield code="h">[Videoupptagning] /</marc:subfield>
    </marc:datafield>
    <marc:datafield tag="260" ind1=" " ind2=" ">
      <marc:subfield code="c">2013</marc:subfield>
    </marc:datafield>
    <marc:datafield tag="300" ind1=" " ind2=" ">
      <marc:subfield code="a">DVD-video</marc:subfield>
    </marc:datafield>
    <marc:datafield tag="336" ind1=" " ind2=" ">
      <marc:subfield code="a">two-dimensional moving image</marc:subfield>
      <marc:subfield code="b">tdi</marc:subfield>
      <marc:subfield code="2">rdacontent</marc:subfield>
      <marc:subfield code="0">http://rdaregistry.info/termList/RDAContentType/1023</marc:subfield>
    </marc:datafield>
    <marc:datafield tag="337" ind1=" " ind2=" ">
      <marc:subfield code="a">video</marc:subfield>
      <marc:subfield code="b">v</marc:subfield>
      <marc:subfield code="2">rdamedia</marc:subfield>
      <marc:subfield code="0">http://rdaregistry.info/termList/RDAMediaType/1008</marc:subfield>
    </marc:datafield>
    <marc:datafield tag="338" ind1=" " ind2=" ">
      <marc:subfield code="a">videodisc</marc:subfield>
      <marc:subfield code="b">vd</marc:subfield>
      <marc:subfield code="2">rdacarrier</marc:subfield>
      <marc:subfield code="0">http://rdaregistry.info/termList/RDACarrierType/1060</marc:subfield>
    </marc:datafield>
    <marc:datafield tag="380" ind1=" " ind2=" ">
      <marc:subfield code="a">Motion pictures</marc:subfield>
      <marc:subfield code="0">http://id.loc.gov/authorities/genreForms/gf2011026406</marc:subfield>
      <marc:subfield code="2">LCGFT</marc:subfield>
    </marc:datafield>
    <marc:datafield tag="600" ind1=" " ind2="7">
      <marc:subfield code="a">Wallander, Kurt</marc:subfield>
      <marc:subfield code="c">fiktiv karakter</marc:subfield>
      <marc:subfield code="1">http://viaf.org/viaf/37849760</marc:subfield>
    </marc:datafield>
    <marc:datafield tag="650" ind1=" " ind2="0">
      <marc:subfield code="a">Mord</marc:subfield>
      <marc:subfield code="x">Etterforskning</marc:subfield>
    </marc:datafield>
    <marc:datafield tag="655" ind1=" " ind2="7">
      <marc:subfield code="a">Krim</marc:subfield>
      <marc:subfield code="2">lcgft</marc:subfield>
    </marc:datafield>
    <marc:datafield tag="700" ind1="1" ind2=" ">
      <marc:subfield code="a">Mankell, Henning</marc:subfield>
      <marc:subfield code="t">Innan frosten</marc:subfield>
      <marc:subfield code="i">Adaptation of work</marc:subfield>
      <marc:subfield code="4">http://rdaregistry.info/Elements/w/adaptedAsWork.en</marc:subfield>
      <marc:subfield code="1">http://viaf.org/viaf/191149068434165730002 </marc:subfield>
    </marc:datafield>
    <marc:datafield tag="700" ind1="1" ind2=" ">
      <marc:subfield code="a">Mankell, Henning</marc:subfield>
      <marc:subfield code="4">aus</marc:subfield>
      <marc:subfield code="1">http://viaf.org/viaf/84944859</marc:subfield>
    </marc:datafield>
  </marc:record>