
  <marc:record>
    <marc:leader>00831cgm a22002173a 4500</marc:leader>
    <marc:controlfield tag="008">140721s2013    sw 092            m|swe c</marc:controlfield>
    <marc:datafield tag="028" ind1="4" ind2="1">
      <marc:subfield code="a">5110087</marc:subfield>
    </marc:datafield>
    <marc:datafield tag="041" ind1=" " ind2=" ">
      <marc:subfield code="a">swe</marc:subfield>
      <marc:subfield code="j">swe</marc:subfield>
      <marc:subfield code="j">dan</marc:subfield>
      <marc:subfield code="j">nor</marc:subfield>
      <marc:subfield code="j">fin</marc:subfield>
    </marc:datafield>
    <marc:datafield tag="130" ind1="1" ind2=" ">
      <marc:subfield code="a">Försvunnen</marc:subfield>
      <marc:subfield code="1">https://www.imdb.com/title/tt2704852/?ref_=fn_al_tt_10</marc:subfield>
    </marc:datafield>
    <marc:datafield tag="245" ind1="1" ind2="0">
      <marc:subfield code="a">Försvunnen</marc:subfield>
      <marc:subfield code="h">[Videoupptagning] /</marc:subfield>
      <marc:subfield code="c">manus: Niklas Rockström ; regi: Leif Magnusson</marc:subfield>
    </marc:datafield>
    <marc:datafield tag="246" ind1="1" ind2="2">
      <marc:subfield code="a">Mankells Wallander Försvunnen</marc:subfield>
    </marc:datafield>
    <marc:datafield tag="260" ind1=" " ind2=" ">
      <marc:subfield code="b">SF,</marc:subfield>
      <marc:subfield code="c">[2013]</marc:subfield>
    </marc:datafield>
    <marc:datafield tag="300" ind1=" " ind2=" ">
      <marc:subfield code="a">1 DVD-video (1 tim., 32 min.)</marc:subfield>
    </marc:datafield>
    <marc:datafield tag="336" ind1=" " ind2=" ">
      <marc:subfield code="a">two-dimensional moving image</marc:subfield>
      <marc:subfield code="b">tdi</marc:subfield>
      <marc:subfield code="2">rdacontent</marc:subfield>
      <marc:subfield code="0">http://rdaregistry.info/termList/RDAContentType/1023</marc:subfield>
    </marc:datafield>
    <marc:datafield tag="337" ind1=" " ind2=" ">
      <marc:subfield code="a">video</marc:subfield>
      <marc:subfield code="b">v</marc:subfield>
      <marc:subfield code="2">rdamedia</marc:subfield>
      <marc:subfield code="0">http://rdaregistry.info/termList/RDAMediaType/1008</marc:subfield>
    </marc:datafield>
    <marc:datafield tag="338" ind1=" " ind2=" ">
      <marc:subfield code="a">videodisc</marc:subfield>
      <marc:subfield code="b">vd</marc:subfield>
      <marc:subfield code="2">rdacarrier</marc:subfield>
      <marc:subfield code="0">http://rdaregistry.info/termList/RDACarrierType/1060</marc:subfield>
    </marc:datafield>
    <marc:datafield tag="380" ind1=" " ind2=" ">
      <marc:subfield code="a">Motion pictures</marc:subfield>
      <marc:subfield code="0">http://id.loc.gov/authorities/genreForms/gf2011026406</marc:subfield>
      <marc:subfield code="2">LCGFT</marc:subfield>
    </marc:datafield>
    <marc:datafield tag="490" ind1="0" ind2=" ">
      <marc:subfield code="a">Wallander ;</marc:subfield>
      <marc:subfield code="v">28</marc:subfield>
    </marc:datafield>
    <marc:datafield tag="500" ind1=" " ind2=" ">
      <marc:subfield code="a">Baserad på Henning Mankells karaktärer</marc:subfield>
    </marc:datafield>
    <marc:datafield tag="511" ind1="0" ind2=" ">
      <marc:subfield code="a">Skådespelare: Krister Henriksson, Charlotta Jonsson, Gustaf
        Hammarsten ...</marc:subfield>
    </marc:datafield>
    <marc:datafield tag="546" ind1=" " ind2=" ">
      <marc:subfield code="a">Tal på svenska, textad på svenska, danska, norska och
        finska</marc:subfield>
    </marc:datafield>
    <marc:datafield tag="600" ind1=" " ind2="7">
      <marc:subfield code="a">Wallander, Kurt</marc:subfield>
      <marc:subfield code="c">fiktiv karakter</marc:subfield>
      <marc:subfield code="1">http://viaf.org/viaf/37849760</marc:subfield>
    </marc:datafield>
    <marc:datafield tag="650" ind1=" " ind2="0">
      <marc:subfield code="a">Mord</marc:subfield>
      <marc:subfield code="x">Etterforskning</marc:subfield>
    </marc:datafield>
    <marc:datafield tag="655" ind1=" " ind2="7">
      <marc:subfield code="a">Krim</marc:subfield>
      <marc:subfield code="2">lcgft</marc:subfield>
    </marc:datafield>
    <marc:datafield tag="700" ind1="1" ind2=" ">
      <marc:subfield code="a">Rockström, Niklas</marc:subfield>
      <marc:subfield code="d">1968-</marc:subfield>
      <marc:subfield code="4">aus</marc:subfield>
      <marc:subfield code="1"
        >https://www.imdb.com/name/nm0734316/?ref_=nv_sr_2?ref_=nv_sr_2</marc:subfield>
    </marc:datafield>
    <marc:datafield tag="700" ind1="1" ind2=" ">
      <marc:subfield code="a">Magnusson, Leif</marc:subfield>
      <marc:subfield code="d">1956-</marc:subfield>
      <marc:subfield code="4">drt</marc:subfield>
      <marc:subfield code="1"
        >https://www.imdb.com/name/nm0536389/?ref_=nv_sr_1?ref_=nv_sr_1</marc:subfield>
    </marc:datafield>
  </marc:record>