
  <marc:record>
    <marc:leader>00670cam a2200181 a 4500</marc:leader>
    <marc:controlfield tag="008">131203s2013    gw            000 0 ger d</marc:controlfield>
    <marc:datafield tag="020" ind1=" " ind2=" ">
      <marc:subfield code="a">978-3-552-05640-4</marc:subfield>
      <marc:subfield code="c">Kart. : ca. EUR 19.90 (DE)</marc:subfield>
    </marc:datafield>
    <marc:datafield tag="041" ind1="1" ind2=" ">
      <marc:subfield code="a">ger</marc:subfield>
      <marc:subfield code="h">dan</marc:subfield>
    </marc:datafield>
    <marc:datafield tag="100" ind1="1" ind2=" ">
      <marc:subfield code="a">Jacobsen, Kirsten</marc:subfield>
      <marc:subfield code="d">1942-</marc:subfield>
      <marc:subfield code="4">ivr</marc:subfield>
      <marc:subfield code="0">352906</marc:subfield>
    </marc:datafield>
    <marc:datafield tag="240" ind1="1" ind2="0">
      <marc:subfield code="a">Mankell (om) Mankell.</marc:subfield>
      <marc:subfield code="l">Tyska</marc:subfield>
      <marc:subfield code="1">http://viaf.org/viaf/307145169</marc:subfield>
    </marc:datafield>
    <marc:datafield tag="245" ind1="1" ind2="0">
      <marc:subfield code="a">Mankell über Mankell :</marc:subfield>
      <marc:subfield code="b">Kurt Wallander und der Zustand der Welt /</marc:subfield>
      <marc:subfield code="c">Kirsten Jacobsen. Aus dem Dän. von Lutz Volke</marc:subfield>
    </marc:datafield>
    <marc:datafield tag="260" ind1="3" ind2=" ">
      <marc:subfield code="a">Wien :</marc:subfield>
      <marc:subfield code="b">Zsolnay,</marc:subfield>
      <marc:subfield code="c">2013</marc:subfield>
    </marc:datafield>
    <marc:datafield tag="300" ind1=" " ind2=" ">
      <marc:subfield code="a">332 S. :</marc:subfield>
      <marc:subfield code="b">Ill.</marc:subfield>
    </marc:datafield>
    <marc:datafield tag="336" ind1=" " ind2=" ">
      <marc:subfield code="a">text</marc:subfield>
      <marc:subfield code="b">txt</marc:subfield>
      <marc:subfield code="2">rdacontent</marc:subfield>
      <marc:subfield code="0">http://rdaregistry.info/termList/RDAContentType/1020</marc:subfield>
    </marc:datafield>
    <marc:datafield tag="337" ind1=" " ind2=" ">
      <marc:subfield code="a">unmediated</marc:subfield>
      <marc:subfield code="b">n</marc:subfield>
      <marc:subfield code="2">rdamedia</marc:subfield>
      <marc:subfield code="0">http://rdaregistry.info/termList/RDAMediaType/1007</marc:subfield>
    </marc:datafield>
    <marc:datafield tag="338" ind1=" " ind2=" ">
      <marc:subfield code="a">volume</marc:subfield>
      <marc:subfield code="b">nc</marc:subfield>
      <marc:subfield code="2">rdacarrier</marc:subfield>
      <marc:subfield code="0">http://rdaregistry.info/termList/RDACarrierType/1049</marc:subfield>
    </marc:datafield>
    <marc:datafield tag="500" ind1=" " ind2=" ">
      <marc:subfield code="a">Literaturverz. S. 332-[333]</marc:subfield>
    </marc:datafield>
    <marc:datafield tag="600" ind1="1" ind2="4">
      <marc:subfield code="a">Mankell, Henning</marc:subfield>
      <marc:subfield code="d">1948-2015</marc:subfield>
      <marc:subfield code="1">http://viaf.org/viaf/84944859</marc:subfield>
    </marc:datafield>
    <marc:datafield tag="655" ind1=" " ind2="7">
      <marc:subfield code="a">Biografi</marc:subfield>
    </marc:datafield>
    <marc:datafield tag="700" ind1="1" ind2=" ">
      <marc:subfield code="a">Volke, Lutz</marc:subfield>
      <marc:subfield code="e">Translator</marc:subfield>
      <marc:subfield code="4">trl</marc:subfield>
      <marc:subfield code="1">http://viaf.org/viaf/71980265</marc:subfield>
    </marc:datafield>
  </marc:record>