
  <marc:record>
    <marc:leader>00688cam a22002177a 4500</marc:leader>
    <marc:controlfield tag="008">161003s2014    xxu||||j||||||000 1|eng|c</marc:controlfield>
    <marc:datafield tag="020" ind1=" " ind2=" ">
      <marc:subfield code="a">9781612625553</marc:subfield>
    </marc:datafield>
    <marc:datafield tag="041" ind1="1" ind2=" ">
      <marc:subfield code="a">eng</marc:subfield>
      <marc:subfield code="h">jpn</marc:subfield>
    </marc:datafield>
    <marc:datafield tag="100" ind1="1" ind2=" ">
      <marc:subfield code="a">Ando, Yuma</marc:subfield>
      <marc:subfield code="d">1962-</marc:subfield>
      <marc:subfield code="4">aut</marc:subfield>
      <marc:subfield code="1">http://viaf.org/viaf/300319672</marc:subfield>
    </marc:datafield>
    <marc:datafield tag="240" ind1="1" ind2="0">
      <marc:subfield code="a">Tanteiken Sherdock</marc:subfield>
      <marc:subfield code="l">Engelska</marc:subfield>
      <marc:subfield code="1">http://viaf.org/viaf/309546866</marc:subfield>
    </marc:datafield>
    <marc:datafield tag="245" ind1="1" ind2="0">
      <marc:subfield code="a">Sherlock Bones</marc:subfield>
      <marc:subfield code="n">6 /</marc:subfield>
      <marc:subfield code="c">[Story: Yuma Ando ; Art: Yuki Sato ; [Translator: Alethea Nibley and
        Athena Nibley].</marc:subfield>
    </marc:datafield>
    <marc:datafield tag="264" ind1=" " ind2="1">
      <marc:subfield code="a">New York :</marc:subfield>
      <marc:subfield code="b">Kodansha,</marc:subfield>
      <marc:subfield code="c">2014</marc:subfield>
    </marc:datafield>
    <marc:datafield tag="300" ind1=" " ind2=" ">
      <marc:subfield code="a">189 s.</marc:subfield>
      <marc:subfield code="b">ill.</marc:subfield>
    </marc:datafield>
    <marc:datafield tag="336" ind1=" " ind2=" ">
      <marc:subfield code="a">stil image</marc:subfield>
      <marc:subfield code="b">sti</marc:subfield>
      <marc:subfield code="2">rdacontent</marc:subfield>
      <marc:subfield code="0"
        >http://rdaregistry.info/termList/RDAContentType/1014$2rdacontent</marc:subfield>
    </marc:datafield>
    <marc:datafield tag="337" ind1=" " ind2=" ">
      <marc:subfield code="a">unmediated</marc:subfield>
      <marc:subfield code="b">n</marc:subfield>
      <marc:subfield code="2">rdamedia</marc:subfield>
      <marc:subfield code="0">http://rdaregistry.info/termList/RDAMediaType/1007</marc:subfield>
    </marc:datafield>
    <marc:datafield tag="338" ind1=" " ind2=" ">
      <marc:subfield code="a">volume</marc:subfield>
      <marc:subfield code="b">nc</marc:subfield>
      <marc:subfield code="2">rdacarrier</marc:subfield>
      <marc:subfield code="0">http://rdaregistry.info/termList/RDACarrierType/1049</marc:subfield>
    </marc:datafield>
    <marc:datafield tag="380" ind1=" " ind2=" ">
      <marc:subfield code="a">Graphic novels</marc:subfield>
      <marc:subfield code="0">http://id.loc.gov/authorities/genreForms/gf2014026362</marc:subfield>
      <marc:subfield code="2">LCGFT</marc:subfield>
    </marc:datafield>
    <marc:datafield tag="490" ind1="0" ind2=" ">
      <marc:subfield code="a">Sherlock Bones ;</marc:subfield>
      <marc:subfield code="v">6</marc:subfield>
    </marc:datafield>
    <marc:datafield tag="521" ind1=" " ind2=" ">
      <marc:subfield code="a">Anbefales fra 13 år</marc:subfield>
    </marc:datafield>
    <marc:datafield tag="600" ind1="1" ind2=" ">
      <marc:subfield code="a">Holmes, Sherlock</marc:subfield>
      <marc:subfield code="b">fiktiv karakter</marc:subfield>
      <marc:subfield code="1">http://viaf.org/viaf/173636607</marc:subfield>
    </marc:datafield>
    <marc:datafield tag="650" ind1=" " ind2="0">
      <marc:subfield code="a">Mord</marc:subfield>
      <marc:subfield code="x">Etterforskning</marc:subfield>
    </marc:datafield>
    <marc:datafield tag="655" ind1=" " ind2="7">
      <marc:subfield code="a">Krim</marc:subfield>
      <marc:subfield code="2">lcgft</marc:subfield>
    </marc:datafield>
    <marc:datafield tag="655" ind1=" " ind2="7">
      <marc:subfield code="a">Tegneserier</marc:subfield>
    </marc:datafield>
    <marc:datafield tag="700" ind1="1" ind2=" ">
      <marc:subfield code="a">Nibley, Athena</marc:subfield>
      <marc:subfield code="4">trl</marc:subfield>
      <marc:subfield code="1">http://viaf.org/viaf/58478273</marc:subfield>
    </marc:datafield>
    <marc:datafield tag="700" ind1="1" ind2=" ">
      <marc:subfield code="a">Sato, Yuki</marc:subfield>
      <marc:subfield code="4">ill</marc:subfield>
      <marc:subfield code="1">http://viaf.org/viaf/122076077</marc:subfield>
    </marc:datafield>
  </marc:record>