
  <marc:record>
    <marc:leader>00627cmm a22001817a 4500</marc:leader>
    <marc:controlfield tag="008">160523s2016    fr ||  ||  | |      eng|c</marc:controlfield>
    <marc:datafield tag="041" ind1=" " ind2=" ">
      <marc:subfield code="a">eng</marc:subfield>
    </marc:datafield>
    <marc:datafield tag="130" ind1="1" ind2=" ">
      <marc:subfield code="a">[Sherlock Holmes:] The devil's daughter</marc:subfield>
      <marc:subfield code="1">http://www.worldcat.org/oclc/1078439998</marc:subfield>
    </marc:datafield>
    <marc:datafield tag="245" ind1="1" ind2="4">
      <marc:subfield code="a">[Sherlock Holmes:] The devil's daugther</marc:subfield>
      <marc:subfield code="h">[Elektronisk resurs]</marc:subfield>
      <marc:subfield code="b">detective crime thriller</marc:subfield>
    </marc:datafield>
    <marc:datafield tag="264" ind1=" " ind2="1">
      <marc:subfield code="c">2016</marc:subfield>
    </marc:datafield>
    <marc:datafield tag="264" ind1=" " ind2="1">
      <marc:subfield code="a">Fretin :</marc:subfield>
      <marc:subfield code="b">Big Ben Interactive,</marc:subfield>
      <marc:subfield code="c">cop. 2016</marc:subfield>
    </marc:datafield>
    <marc:datafield tag="300" ind1=" " ind2=" ">
      <marc:subfield code="a">1 blu-ray disc (Playstation 4)</marc:subfield>
      <marc:subfield code="b">ljud, färg</marc:subfield>
    </marc:datafield>
    <marc:datafield tag="336" ind1=" " ind2=" ">
      <marc:subfield code="a">computer program</marc:subfield>
      <marc:subfield code="b">cop</marc:subfield>
      <marc:subfield code="2">rdacontent</marc:subfield>
      <marc:subfield code="0">http://rdaregistry.info/termList/RDAContentType/1023</marc:subfield>
    </marc:datafield>
    <marc:datafield tag="337" ind1=" " ind2=" ">
      <marc:subfield code="a">computer</marc:subfield>
      <marc:subfield code="b">c</marc:subfield>
      <marc:subfield code="2">rdamedia</marc:subfield>
      <marc:subfield code="0">http://rdaregistry.info/termList/RDAMediaType/1008</marc:subfield>
    </marc:datafield>
    <marc:datafield tag="338" ind1=" " ind2=" ">
      <marc:subfield code="a">computer disc</marc:subfield>
      <marc:subfield code="b">cd</marc:subfield>
      <marc:subfield code="2">rdacarrier</marc:subfield>
      <marc:subfield code="0">http://rdaregistry.info/termList/RDACarrierType/1060</marc:subfield>
    </marc:datafield>
    <marc:datafield tag="380" ind1=" " ind2=" ">
      <marc:subfield code="a">Video games</marc:subfield>
      <marc:subfield code="0">http://id.loc.gov/authorities/subjects/sh85143202</marc:subfield>
      <marc:subfield code="2">LCSH</marc:subfield>
    </marc:datafield>
    <marc:datafield tag="490" ind1="0" ind2=" ">
      <marc:subfield code="a">Sherlock Holmes</marc:subfield>
    </marc:datafield>
    <marc:datafield tag="500" ind1=" " ind2=" ">
      <marc:subfield code="a">TV-spel (Playstation 4, PS4)</marc:subfield>
    </marc:datafield>
    <marc:datafield tag="521" ind1="1" ind2=" ">
      <marc:subfield code="a">PEGI: 16</marc:subfield>
    </marc:datafield>
    <marc:datafield tag="521" ind1="8" ind2=" ">
      <marc:subfield code="a">Avsett för 1 spelare</marc:subfield>
    </marc:datafield>
    <marc:datafield tag="538" ind1=" " ind2=" ">
      <marc:subfield code="a">Systemkrav: PlayStation 4; 16 GB på hårddisken</marc:subfield>
    </marc:datafield>
    <marc:datafield tag="600" ind1="1" ind2=" ">
      <marc:subfield code="a">Holmes, Sherlock</marc:subfield>
      <marc:subfield code="b">fiktiv karakter</marc:subfield>
      <marc:subfield code="1">http://viaf.org/viaf/173636607</marc:subfield>
    </marc:datafield>
    <marc:datafield tag="655" ind1=" " ind2="7">
      <marc:subfield code="a">Dataspill</marc:subfield>
    </marc:datafield>
  </marc:record>