
  <marc:record>
    <marc:leader>00653cam a2200133 4500</marc:leader>
    <marc:controlfield tag="008">150924s1973    enka          000 0 eng  </marc:controlfield>
    <marc:datafield tag="020" ind1=" " ind2=" ">
      <marc:subfield code="a">0450013979</marc:subfield>
    </marc:datafield>
    <marc:datafield tag="130" ind1="1" ind2="0">
      <marc:subfield code="a">The Sherlock Holmes scrapbook ;</marc:subfield>
      <marc:subfield code="b">fifty years of occasional articles, newspaper cuttings, letters,
        memoirs, anecdotes, pictures, photographs and drawings relating to the great
        detective</marc:subfield>
      <marc:subfield code="1">http://www.worldcat.org/oclc/1075086880</marc:subfield>
    </marc:datafield>
    <marc:datafield tag="245" ind1="1" ind2="4">
      <marc:subfield code="a">The Sherlock Holmes scrapbook;</marc:subfield>
      <marc:subfield code="b">fifty years of occasional articles, newspaper cuttings, letters,
        memoirs, anecdotes, pictures, photographs and drawings relating to the great
        detective</marc:subfield>
      <marc:subfield code="c">edited by Peter Haining; editorial consultant G. Ken Chapman, foreword
        by Peter Cushing.</marc:subfield>
    </marc:datafield>
    <marc:datafield tag="260" ind1=" " ind2=" ">
      <marc:subfield code="a">[London]</marc:subfield>
      <marc:subfield code="b">New English Library</marc:subfield>
      <marc:subfield code="c">[1973]</marc:subfield>
    </marc:datafield>
    <marc:datafield tag="300" ind1=" " ind2=" ">
      <marc:subfield code="a">128 p.</marc:subfield>
      <marc:subfield code="b">illus.</marc:subfield>
      <marc:subfield code="c">31 cm.</marc:subfield>
    </marc:datafield>
    <marc:datafield tag="336" ind1=" " ind2=" ">
      <marc:subfield code="a">text</marc:subfield>
      <marc:subfield code="b">txt</marc:subfield>
      <marc:subfield code="2">rdacontent</marc:subfield>
      <marc:subfield code="0">http://rdaregistry.info/termList/RDAContentType/1020</marc:subfield>
    </marc:datafield>
    <marc:datafield tag="337" ind1=" " ind2=" ">
      <marc:subfield code="a">unmediated</marc:subfield>
      <marc:subfield code="b">n</marc:subfield>
      <marc:subfield code="2">rdamedia</marc:subfield>
      <marc:subfield code="0">http://rdaregistry.info/termList/RDAMediaType/1007</marc:subfield>
    </marc:datafield>
    <marc:datafield tag="338" ind1=" " ind2=" ">
      <marc:subfield code="a">volume</marc:subfield>
      <marc:subfield code="b">nc</marc:subfield>
      <marc:subfield code="2">rdacarrier</marc:subfield>
      <marc:subfield code="0">http://rdaregistry.info/termList/RDACarrierType/1049</marc:subfield>
    </marc:datafield>
    <marc:datafield tag="380" ind1=" " ind2=" ">
      <marc:subfield code="a">Biographies</marc:subfield>
      <marc:subfield code="0">http://id.loc.gov/authorities/genreForms/gf2014026362</marc:subfield>
      <marc:subfield code="2">LCGFT</marc:subfield>
    </marc:datafield>
    <marc:datafield tag="500" ind1=" " ind2=" ">
      <marc:subfield code="a">Illus. on lining papers.</marc:subfield>
    </marc:datafield>
    <marc:datafield tag="600" ind1="1" ind2="0">
      <marc:subfield code="a">Doyle, Arthur Conan</marc:subfield>
      <marc:subfield code="d">1859-1930</marc:subfield>
      <marc:subfield code="c">Sir.</marc:subfield>
      <marc:subfield code="1">http://viaf.org/viaf/65283845</marc:subfield>
    </marc:datafield>
    <marc:datafield tag="600" ind1="1" ind2=" ">
      <marc:subfield code="a">Holmes, Sherlock</marc:subfield>
      <marc:subfield code="b">fiktiv karakter</marc:subfield>
      <marc:subfield code="1">http://viaf.org/viaf/173636607</marc:subfield>
    </marc:datafield>
    <marc:datafield tag="655" ind1=" " ind2="7">
      <marc:subfield code="a">Biografi</marc:subfield>
    </marc:datafield>
    <marc:datafield tag="700" ind1="1" ind2=" ">
      <marc:subfield code="a">Haining, Peter</marc:subfield>
      <marc:subfield code="4">edc</marc:subfield>
      <marc:subfield code="1">http://viaf.org/viaf/56712957</marc:subfield>
    </marc:datafield>
    <marc:datafield tag="700" ind1="1" ind2=" ">
      <marc:subfield code="a">Cushing, Peter</marc:subfield>
      <marc:subfield code="4">aui</marc:subfield>
      <marc:subfield code="1">http://viaf.org/viaf/14797137</marc:subfield>
    </marc:datafield>
  </marc:record>