
  <marc:record>
    <marc:leader>01321cim a22002777a 4500</marc:leader>
    <marc:controlfield tag="001">12603137</marc:controlfield>
    <marc:controlfield tag="008">120301s2009    sw nnnne ||||||f  n swe c</marc:controlfield>
    <marc:datafield tag="024" ind1="7" ind2=" ">
      <marc:subfield code="a">C28163</marc:subfield>
      <marc:subfield code="2">MTM medienummer</marc:subfield>
    </marc:datafield>
    <marc:datafield tag="041" ind1="1" ind2=" ">
      <marc:subfield code="a">swe</marc:subfield>
      <marc:subfield code="h">eng</marc:subfield>
    </marc:datafield>
    <marc:datafield tag="100" ind1="1" ind2=" ">
      <marc:subfield code="a">Carr, John Dickson</marc:subfield>
      <marc:subfield code="d">1906-1977</marc:subfield>
      <marc:subfield code="4">aut</marc:subfield>
      <marc:subfield code="1">http://viaf.org/viaf/64003044</marc:subfield>
    </marc:datafield>
    <marc:datafield tag="240" ind1="1" ind2="0">
      <marc:subfield code="a">Fire, burn!</marc:subfield>
      <marc:subfield code="l">Svenska</marc:subfield>
      <marc:subfield code="1">http://viaf.org/viaf/307990840</marc:subfield>
    </marc:datafield>
    <marc:datafield tag="245" ind1="1" ind2="0">
      <marc:subfield code="a">Korn åt små fåglar</marc:subfield>
      <marc:subfield code="h">[Ljudupptagning]</marc:subfield>
      <marc:subfield code="c">John Dickson Carr ; översättning av Sven Bergström</marc:subfield>
    </marc:datafield>
    <marc:datafield tag="249" ind1=" " ind2="0">
      <marc:subfield code="a">Fire, burn!</marc:subfield>
    </marc:datafield>
    <marc:datafield tag="260" ind1=" " ind2=" ">
      <marc:subfield code="a">Johanneshov :</marc:subfield>
      <marc:subfield code="b">TPB,</marc:subfield>
      <marc:subfield code="c">2009</marc:subfield>
    </marc:datafield>
    <marc:datafield tag="300" ind1=" " ind2=" ">
      <marc:subfield code="a">1 CD-R (10 tim., 18 min.) :</marc:subfield>
      <marc:subfield code="b">mono</marc:subfield>
    </marc:datafield>
    <marc:datafield tag="336" ind1=" " ind2=" ">
      <marc:subfield code="a">spoken word</marc:subfield>
      <marc:subfield code="b">spw</marc:subfield>
      <marc:subfield code="0">http://rdaregistry.info/termList/RDAContentType/1013</marc:subfield>
      <marc:subfield code="2">rdacontent</marc:subfield>
    </marc:datafield>
    <marc:datafield tag="337" ind1=" " ind2=" ">
      <marc:subfield code="a">audio</marc:subfield>
      <marc:subfield code="b">s</marc:subfield>
      <marc:subfield code="0">http://rdaregistry.info/termList/RDAMediaType/1001</marc:subfield>
      <marc:subfield code="2">rdamedia</marc:subfield>
    </marc:datafield>
    <marc:datafield tag="338" ind1=" " ind2=" ">
      <marc:subfield code="a">audio disc</marc:subfield>
      <marc:subfield code="b">sd</marc:subfield>
      <marc:subfield code="0">http://rdaregistry.info/termList/RDACarrierType/1001</marc:subfield>
      <marc:subfield code="2">rdacarrier</marc:subfield>
    </marc:datafield>
    <marc:datafield tag="380" ind1=" " ind2=" ">
      <marc:subfield code="a">Audiobooks</marc:subfield>
      <marc:subfield code="0">http://id.loc.gov/authorities/genreForms/gf2011026063</marc:subfield>
    </marc:datafield>
    <marc:datafield tag="500" ind1=" " ind2=" ">
      <marc:subfield code="a">Digital talbok (DAISY 2.02), ljud</marc:subfield>
    </marc:datafield>
    <marc:datafield tag="500" ind1=" " ind2=" ">
      <marc:subfield code="a">Inläst ur: Stockholm : Bonnier, 1959</marc:subfield>
    </marc:datafield>
    <marc:datafield tag="650" ind1=" " ind2="0">
      <marc:subfield code="a">Mord</marc:subfield>
      <marc:subfield code="x">Etterforskning</marc:subfield>
    </marc:datafield>
    <marc:datafield tag="655" ind1=" " ind2="0">
      <marc:subfield code="a">Krim</marc:subfield>
    </marc:datafield>
    <marc:datafield tag="700" ind1="1" ind2=" ">
      <marc:subfield code="a">Örnehed, Britt</marc:subfield>
      <marc:subfield code="4">nrt</marc:subfield>
      <marc:subfield code="1">https://www.imdb.com/name/nm0960122</marc:subfield>
    </marc:datafield>
    <marc:datafield tag="700" ind1="1" ind2=" ">
      <marc:subfield code="a">Bergström, Sven</marc:subfield>
      <marc:subfield code="4">trl</marc:subfield>
      <marc:subfield code="1">http://viaf.org/viaf/14744786</marc:subfield>
    </marc:datafield>
    <marc:datafield tag="776" ind1="0" ind2="8">
      <marc:subfield code="i">Inläst ur</marc:subfield>
      <marc:subfield code="t">Korn åt små fåglar</marc:subfield>
      <marc:subfield code="1">http://www.worldcat.org/oclc/185945581</marc:subfield>
    </marc:datafield>
  </marc:record>