
  <marc:record>
    <marc:leader>01028nam a22002538i 4500</marc:leader>
    <marc:controlfield tag="001">018408255</marc:controlfield>
    <marc:controlfield tag="008">170510r20171978enk           000|f|eng|d</marc:controlfield>
    <marc:datafield tag="020" ind1=" " ind2=" ">
      <marc:subfield code="a">9781509860227 (pbk.) </marc:subfield>
    </marc:datafield>
    <marc:datafield tag="100" ind1="1" ind2=" ">
      <marc:subfield code="a">Follett, Ken</marc:subfield>
      <marc:subfield code="d">1949-</marc:subfield>
      <marc:subfield code="4">aut</marc:subfield>
      <marc:subfield code="1">http://viaf.org/viaf/64005683</marc:subfield>
    </marc:datafield>
    <marc:datafield tag="240" ind1="1" ind2="0">
      <marc:subfield code="a">Eve of the needle</marc:subfield>
      <marc:subfield code="l">English</marc:subfield>
      <marc:subfield code="1">http://viaf.org/viaf/314065834</marc:subfield>
    </marc:datafield>
    <marc:datafield tag="245" ind1="1" ind2="0">
      <marc:subfield code="a">Eye of the needle /</marc:subfield>
      <marc:subfield code="c">Ken Follett.</marc:subfield>
    </marc:datafield>
    <marc:datafield tag="263" ind1=" " ind2=" ">
      <marc:subfield code="a">201709</marc:subfield>
    </marc:datafield>
    <marc:datafield tag="264" ind1=" " ind2="1">
      <marc:subfield code="a">London :</marc:subfield>
      <marc:subfield code="b">Pan Books,</marc:subfield>
      <marc:subfield code="c">2017.</marc:subfield>
    </marc:datafield>
    <marc:datafield tag="300" ind1=" " ind2=" ">
      <marc:subfield code="a">1 volume ;</marc:subfield>
      <marc:subfield code="c">18 cm.</marc:subfield>
    </marc:datafield>
    <marc:datafield tag="336" ind1=" " ind2=" ">
      <marc:subfield code="a">text</marc:subfield>
      <marc:subfield code="b">txt</marc:subfield>
      <marc:subfield code="0">http://rdaregistry.info/termList/RDAContentType/1020</marc:subfield>
      <marc:subfield code="2">rdacontent</marc:subfield>
    </marc:datafield>
    <marc:datafield tag="337" ind1=" " ind2=" ">
      <marc:subfield code="a">unmediated</marc:subfield>
      <marc:subfield code="b">n</marc:subfield>
      <marc:subfield code="0">http://rdaregistry.info/termList/RDAMediaType/1007</marc:subfield>
      <marc:subfield code="2">rdamedia</marc:subfield>
    </marc:datafield>
    <marc:datafield tag="338" ind1=" " ind2=" ">
      <marc:subfield code="a">volume</marc:subfield>
      <marc:subfield code="b">nc</marc:subfield>
      <marc:subfield code="0">http://rdaregistry.info/termList/RDACarrierType/1049</marc:subfield>
      <marc:subfield code="2">rdacarrier</marc:subfield>
    </marc:datafield>
    <marc:datafield tag="380" ind1=" " ind2=" ">
      <marc:subfield code="a">Novels</marc:subfield>
      <marc:subfield code="0">http://id.loc.gov/authorities/genreForms/gf2015026020</marc:subfield>
      <marc:subfield code="2">LCGFT</marc:subfield>
    </marc:datafield>
    <marc:datafield tag="490" ind1="0" ind2=" ">
      <marc:subfield code="a">Pan 70th anniversary ;</marc:subfield>
      <marc:subfield code="v">17</marc:subfield>
    </marc:datafield>
    <marc:datafield tag="500" ind1=" " ind2=" ">
      <marc:subfield code="a">Originally published: London: Futura, 1978.</marc:subfield>
    </marc:datafield>
    <marc:datafield tag="650" ind1=" " ind2="0">
      <marc:subfield code="a">Spenning</marc:subfield>
      <marc:subfield code="x">Spion</marc:subfield>
    </marc:datafield>
    <marc:datafield tag="650" ind1=" " ind2="0">
      <marc:subfield code="a">2.Verdenskrig,1939-1945</marc:subfield>
      <marc:subfield code="v">Roman</marc:subfield>
    </marc:datafield>
    <marc:datafield tag="655" ind1=" " ind2="0">
      <marc:subfield code="a">Krim</marc:subfield>
    </marc:datafield>
    <marc:datafield tag="655" ind1=" " ind2="0">
      <marc:subfield code="a">Historie</marc:subfield>
    </marc:datafield>
  </marc:record>