
  <marc:record>
    <marc:leader>01501nmm a22002890 450 </marc:leader>
    <marc:controlfield tag="001">53548105</marc:controlfield>
    <marc:controlfield tag="008">000000s2017    uik               | mul d</marc:controlfield>
    <marc:datafield tag="041" ind1="1" ind2=" ">
      <marc:subfield code="a">eng</marc:subfield>
      <marc:subfield code="b">eng</marc:subfield>
      <marc:subfield code="b">ger</marc:subfield>
      <marc:subfield code="b">fre</marc:subfield>
      <marc:subfield code="b">ita</marc:subfield>
      <marc:subfield code="b">spa</marc:subfield>
      <marc:subfield code="b">rus</marc:subfield>
      <marc:subfield code="b">chi</marc:subfield>
      <marc:subfield code="b">fre</marc:subfield>
      <marc:subfield code="b">ita</marc:subfield>
      <marc:subfield code="b">spa</marc:subfield>
      <marc:subfield code="b">rus</marc:subfield>
      <marc:subfield code="b">chi</marc:subfield>
    </marc:datafield>
    <marc:datafield tag="130" ind1="0" ind2="0">
      <marc:subfield code="a">The Pillars of the Earth (video game)</marc:subfield>
      <marc:subfield code="I">English</marc:subfield>
      <marc:subfield code="f">2017</marc:subfield>
      <marc:subfield code="1">https://www.imdb.com/title/tt8799672</marc:subfield>
    </marc:datafield>
    <marc:datafield tag="245" ind1="0" ind2="0">
      <marc:subfield code="a">Ken Follett's The pillars of the earth.</marc:subfield>
    </marc:datafield>
    <marc:datafield tag="250" ind1=" " ind2=" ">
      <marc:subfield code="a">Complete edition.</marc:subfield>
    </marc:datafield>
    <marc:datafield tag="260" ind1=" " ind2=" ">
      <marc:subfield code="a">London :</marc:subfield>
      <marc:subfield code="b">Daedalic Entertainment,</marc:subfield>
      <marc:subfield code="c">2017.</marc:subfield>
    </marc:datafield>
    <marc:datafield tag="300" ind1=" " ind2=" ">
      <marc:subfield code="a">1 dvd-rom (Xbox One).</marc:subfield>
    </marc:datafield>
    <marc:datafield tag="336" ind1=" " ind2=" ">
      <marc:subfield code="a">computer program</marc:subfield>
      <marc:subfield code="b">cop</marc:subfield>
      <marc:subfield code="0">http://rdaregistry.info/termList/RDAContentType/1008</marc:subfield>
    </marc:datafield>
    <marc:datafield tag="337" ind1=" " ind2=" ">
      <marc:subfield code="a">computer</marc:subfield>
      <marc:subfield code="b">c</marc:subfield>
      <marc:subfield code="0">http://rdaregistry.info/termList/RDAMediaType/1003</marc:subfield>
      <marc:subfield code="2">rdamedia</marc:subfield>
    </marc:datafield>
    <marc:datafield tag="338" ind1=" " ind2=" ">
      <marc:subfield code="a">computer disc</marc:subfield>
      <marc:subfield code="b">cd</marc:subfield>
      <marc:subfield code="0">http://rdaregistry.info/termList/RDACarrierType/1013</marc:subfield>
      <marc:subfield code="2">rdacarrier</marc:subfield>
    </marc:datafield>
    <marc:datafield tag="380" ind1=" " ind2=" ">
      <marc:subfield code="a">Computer games</marc:subfield>
      <marc:subfield code="0">http://id.loc.gov/authorities/subjects/sh99001415</marc:subfield>
    </marc:datafield>
    <marc:datafield tag="500" ind1=" " ind2=" ">
      <marc:subfield code="a">Spil for 1 spiller.</marc:subfield>
    </marc:datafield>
    <marc:datafield tag="521" ind1="8" ind2=" ">
      <marc:subfield code="a">PEGI-m rkning: 16.</marc:subfield>
    </marc:datafield>
    <marc:datafield tag="538" ind1="0" ind2=" ">
      <marc:subfield code="a">Afspilningsudstyr Xbox One.</marc:subfield>
    </marc:datafield>
    <marc:datafield tag="546" ind1=" " ind2=" ">
      <marc:subfield code="a">Engelsk tale, samt synkronisering på tysk.</marc:subfield>
    </marc:datafield>
    <marc:datafield tag="546" ind1=" " ind2=" ">
      <marc:subfield code="a">Menuer, hjælpetekster og undertekster på engelsk, tysk, fransk,
        italiensk, spansk, russisk og kinesisk.</marc:subfield>
    </marc:datafield>
    <marc:datafield tag="650" ind1=" " ind2="4">
      <marc:subfield code="a">Dataspill</marc:subfield>
    </marc:datafield>
    <marc:datafield tag="650" ind1=" " ind2="4">
      <marc:subfield code="a">Eventyrspill</marc:subfield>
    </marc:datafield>
    <marc:datafield tag="700" ind1="1" ind2=" ">
      <marc:subfield code="a">Follett, Ken</marc:subfield>
      <marc:subfield code="d">1949-</marc:subfield>
      <marc:subfield code="4">aut</marc:subfield>
      <marc:subfield code="1">http://viaf.org/viaf/64005683</marc:subfield>
    </marc:datafield>
    <marc:datafield tag="700" ind1="1" ind2=" ">
      <marc:subfield code="a">Follet, Ken</marc:subfield>
      <marc:subfield code="d">1949-</marc:subfield>
      <marc:subfield code="i">Is video game adaptation of work</marc:subfield>
      <marc:subfield code="T">he pillars of the earth</marc:subfield>
      <marc:subfield code="1">http://viaf.org/viaf/310270194</marc:subfield>
      <marc:subfield code="4"
        >http://rdaregistry.info/Elements/w/object/videoGameAdaptationOfWork.en</marc:subfield>
    </marc:datafield>
    <marc:datafield tag="710" ind1="2" ind2=" ">
      <marc:subfield code="a">Daedalic Entertainment.</marc:subfield>
    </marc:datafield>
  </marc:record>