
  <marc:record>
    <marc:leader>01638ngm a22003130 450 </marc:leader>
    <marc:controlfield tag="001">51703723</marc:controlfield>
    <marc:controlfield tag="008">000000s2014    dk                | eng d</marc:controlfield>
    <marc:datafield tag="041" ind1="1" ind2=" ">
      <marc:subfield code="a">eng</marc:subfield>
      <marc:subfield code="b">dan</marc:subfield>
      <marc:subfield code="b">nor</marc:subfield>
      <marc:subfield code="b">swe</marc:subfield>
      <marc:subfield code="b">fin</marc:subfield>
    </marc:datafield>
    <marc:datafield tag="130" ind1="0" ind2="0">
      <marc:subfield code="a">Red eagle(Motion picture)</marc:subfield>
      <marc:subfield code="l">English</marc:subfield>
      <marc:subfield code="f">1994</marc:subfield>
      <marc:subfield code="1">https://www.imdb.com/title/tt0110344</marc:subfield>
    </marc:datafield>
    <marc:datafield tag="245" ind1="0" ind2="0">
      <marc:subfield code="a">Red eagle.</marc:subfield>
    </marc:datafield>
    <marc:datafield tag="250" ind1=" " ind2=" ">
      <marc:subfield code="a">Renewed [edition].</marc:subfield>
    </marc:datafield>
    <marc:datafield tag="260" ind1=" " ind2=" ">
      <marc:subfield code="a">[Nørresundby] :</marc:subfield>
      <marc:subfield code="b">Soul Media,</marc:subfield>
      <marc:subfield code="c">2014.</marc:subfield>
    </marc:datafield>
    <marc:datafield tag="300" ind1=" " ind2=" ">
      <marc:subfield code="a">2 dvd-videor (3 t.)</marc:subfield>
    </marc:datafield>
    <marc:datafield tag="336" ind1=" " ind2=" ">
      <marc:subfield code="a">two-dimensional moving image</marc:subfield>
      <marc:subfield code="b">tdi</marc:subfield>
      <marc:subfield code="0">http://rdaregistry.info/termList/RDAContentType/1023</marc:subfield>
      <marc:subfield code="2">rdacontent</marc:subfield>
    </marc:datafield>
    <marc:datafield tag="337" ind1=" " ind2=" ">
      <marc:subfield code="a">video</marc:subfield>
      <marc:subfield code="b">v</marc:subfield>
      <marc:subfield code="0">http://rdaregistry.info/termList/RDAMediaType/1008</marc:subfield>
      <marc:subfield code="2">rdamedia</marc:subfield>
    </marc:datafield>
    <marc:datafield tag="338" ind1=" " ind2=" ">
      <marc:subfield code="a">videodisc</marc:subfield>
      <marc:subfield code="b">vd</marc:subfield>
      <marc:subfield code="0">http://rdaregistry.info/termList/RDACarrierType/1060</marc:subfield>
      <marc:subfield code="2">rdacarrier</marc:subfield>
    </marc:datafield>
    <marc:datafield tag="380" ind1=" " ind2=" ">
      <marc:subfield code="a">Film adaptations</marc:subfield>
      <marc:subfield code="0">http://id.loc.gov/authorities/genreForms/gf2011026254</marc:subfield>
    </marc:datafield>
    <marc:datafield tag="500" ind1=" " ind2=" ">
      <marc:subfield code="a">69242 IN.</marc:subfield>
    </marc:datafield>
    <marc:datafield tag="500" ind1=" " ind2=" ">
      <marc:subfield code="a">Produktion: Hannibal Films, Delux Productions, 1994.</marc:subfield>
    </marc:datafield>
    <marc:datafield tag="500" ind1=" " ind2=" ">
      <marc:subfield code="a">Baseret på bogen: Lie down with lions.</marc:subfield>
    </marc:datafield>
    <marc:datafield tag="521" ind1="8" ind2=" ">
      <marc:subfield code="a">Mærkning: Tilladt for børn over 15 år.</marc:subfield>
    </marc:datafield>
    <marc:datafield tag="546" ind1=" " ind2=" ">
      <marc:subfield code="a">Engelsk tale.</marc:subfield>
    </marc:datafield>
    <marc:datafield tag="546" ind1=" " ind2=" ">
      <marc:subfield code="a">Undertekster på dansk, norsk, svensk og finsk.</marc:subfield>
    </marc:datafield>
    <marc:datafield tag="700" ind1="1" ind2=" ">
      <marc:subfield code="a">Follett, Ken</marc:subfield>
      <marc:subfield code="d">1949-</marc:subfield>
      <marc:subfield code="4">aut</marc:subfield>
      <marc:subfield code="1">http://viaf.org/viaf/64005683</marc:subfield>
    </marc:datafield>
    <marc:datafield tag="700" ind1="1" ind2=" ">
      <marc:subfield code="a">Follet, Ken</marc:subfield>
      <marc:subfield code="d">1949-</marc:subfield>
      <marc:subfield code="i">Is adapted as motion picture work</marc:subfield>
      <marc:subfield code="t">Lie down with lions</marc:subfield>
      <marc:subfield code="1">http://viaf.org/viaf/307993641</marc:subfield>
      <marc:subfield code="4"
        >http://rdaregistry.info/Elements/w/object/adaptedAsMotionPictureWork.en</marc:subfield>
    </marc:datafield>
    <marc:datafield tag="700" ind1="1" ind2=" ">
      <marc:subfield code="a">Enden, Eddy van der</marc:subfield>
      <marc:subfield code="4">cng</marc:subfield>
      <marc:subfield code="1">https://www.imdb.com/name/nm0005699</marc:subfield>
    </marc:datafield>
    <marc:datafield tag="700" ind1="1" ind2=" ">
      <marc:subfield code="a">Bond, Julian</marc:subfield>
      <marc:subfield code="4">aus</marc:subfield>
      <marc:subfield code="1">https://www.imdb.com/name/nm0093972</marc:subfield>
    </marc:datafield>
    <marc:datafield tag="700" ind1="1" ind2=" ">
      <marc:subfield code="a">Andrews, Guy</marc:subfield>
      <marc:subfield code="4">aus</marc:subfield>
      <marc:subfield code="1">https://www.imdb.com/name/nm0028672</marc:subfield>
    </marc:datafield>
    <marc:datafield tag="700" ind1="1" ind2=" ">
      <marc:subfield code="a">Goddard, Jim</marc:subfield>
      <marc:subfield code="4">mdr</marc:subfield>
      <marc:subfield code="1">https://www.imdb.com/name/nm0323795</marc:subfield>
    </marc:datafield>
  </marc:record>