
  <marc:record>
    <marc:leader>01824cgm a22003010 450 </marc:leader>
    <marc:controlfield tag="001">5469728</marc:controlfield>
    <marc:controlfield tag="008">000000s2011    dk                | eng d</marc:controlfield>
    <marc:datafield tag="041" ind1="1" ind2=" ">
      <marc:subfield code="a">eng</marc:subfield>
      <marc:subfield code="b">dan</marc:subfield>
      <marc:subfield code="b">nor</marc:subfield>
      <marc:subfield code="b">swe</marc:subfield>
    </marc:datafield>
    <marc:datafield tag="130" ind1="0" ind2="0">
      <marc:subfield code="a">The third twin(Motion picture)</marc:subfield>
      <marc:subfield code="l">English</marc:subfield>
      <marc:subfield code="f">1997</marc:subfield>
      <marc:subfield code="1">https://www.imdb.com/title/tt0130423</marc:subfield>
    </marc:datafield>
    <marc:datafield tag="245" ind1="0" ind2="4">
      <marc:subfield code="a">Den tredje tvilling</marc:subfield>
      <marc:subfield code="b">The third twin /</marc:subfield>
      <marc:subfield code="c">director of photography Frank Tidy ; produced by Christine Sacani ;
        teleplay by Cindy Myers ; based on the novel by Ken Follett ; directed by Tom
        McLoughlin.</marc:subfield>
    </marc:datafield>
    <marc:datafield tag="260" ind1=" " ind2=" ">
      <marc:subfield code="a">[Pandrup] :</marc:subfield>
      <marc:subfield code="b">Soul Media,</marc:subfield>
      <marc:subfield code="c">2011.</marc:subfield>
    </marc:datafield>
    <marc:datafield tag="300" ind1=" " ind2=" ">
      <marc:subfield code="a">2 dvd-videoer (ca. 3 t.)</marc:subfield>
    </marc:datafield>
    <marc:datafield tag="336" ind1=" " ind2=" ">
      <marc:subfield code="a">two-dimensional moving image</marc:subfield>
      <marc:subfield code="b">tdi</marc:subfield>
      <marc:subfield code="0">http://rdaregistry.info/termList/RDAContentType/1023</marc:subfield>
      <marc:subfield code="2">rdacontent</marc:subfield>
    </marc:datafield>
    <marc:datafield tag="337" ind1=" " ind2=" ">
      <marc:subfield code="a">video</marc:subfield>
      <marc:subfield code="b">v</marc:subfield>
      <marc:subfield code="0">http://rdaregistry.info/termList/RDAMediaType/1008</marc:subfield>
      <marc:subfield code="2">rdamedia</marc:subfield>
    </marc:datafield>
    <marc:datafield tag="338" ind1=" " ind2=" ">
      <marc:subfield code="a">videodisc</marc:subfield>
      <marc:subfield code="b">vd</marc:subfield>
      <marc:subfield code="0">http://rdaregistry.info/termList/RDACarrierType/1060</marc:subfield>
      <marc:subfield code="2">rdacarrier</marc:subfield>
    </marc:datafield>
    <marc:datafield tag="380" ind1=" " ind2=" ">
      <marc:subfield code="a">Television mini-series</marc:subfield>
      <marc:subfield code="0">http://id.loc.gov/authorities/genreForms/gf2011026665</marc:subfield>
    </marc:datafield>
    <marc:datafield tag="500" ind1=" " ind2=" ">
      <marc:subfield code="a">65242DK.</marc:subfield>
    </marc:datafield>
    <marc:datafield tag="500" ind1=" " ind2=" ">
      <marc:subfield code="a">Medvirkende: Kelly McGillis, Jason Gedrick, Larry Hagman, Regina
        Taylor, Lisa Vidal, Marion Ross ... et al..</marc:subfield>
    </marc:datafield>
    <marc:datafield tag="521" ind1="8" ind2=" ">
      <marc:subfield code="a">Mærkning: Tilladt for børn over 15 år.</marc:subfield>
    </marc:datafield>
    <marc:datafield tag="534" ind1=" " ind2=" ">
      <marc:subfield code="a">Produceret af Hallmark Entertainment Productions i
        1997.</marc:subfield>
    </marc:datafield>
    <marc:datafield tag="546" ind1=" " ind2=" ">
      <marc:subfield code="a">Engelsk tale.</marc:subfield>
    </marc:datafield>
    <marc:datafield tag="546" ind1=" " ind2=" ">
      <marc:subfield code="a">Undertekster på dansk, norsk og svensk.</marc:subfield>
    </marc:datafield>
    <marc:datafield tag="700" ind1="1" ind2=" ">
      <marc:subfield code="a">Tidy, Frank</marc:subfield>
      <marc:subfield code="4">cng</marc:subfield>
      <marc:subfield code="1">https://www.imdb.com/name/nm0862777</marc:subfield>
    </marc:datafield>
    <marc:datafield tag="700" ind1="1" ind2=" ">
      <marc:subfield code="a">Myers, Cindy</marc:subfield>
      <marc:subfield code="4">aus</marc:subfield>
      <marc:subfield code="1">https://www.imdb.com/name/nm0616671</marc:subfield>
    </marc:datafield>
    <marc:datafield tag="700" ind1="1" ind2=" ">
      <marc:subfield code="a">Follett, Ken</marc:subfield>
      <marc:subfield code="d">1949-</marc:subfield>
      <marc:subfield code="4">aut</marc:subfield>
      <marc:subfield code="1">http://viaf.org/viaf/64005683</marc:subfield>
    </marc:datafield>
    <marc:datafield tag="700" ind1="1" ind2=" ">
      <marc:subfield code="a">Follet, Ken</marc:subfield>
      <marc:subfield code="d">1949-</marc:subfield>
      <marc:subfield code="i">Is adapted as television program work</marc:subfield>
      <marc:subfield code="t">The third twin</marc:subfield>
      <marc:subfield code="1">http://viaf.org/viaf/1942148574260924430007</marc:subfield>
      <marc:subfield code="4"
        >http://rdaregistry.info/Elements/w/adaptedAsTelevisionProgramWork.en</marc:subfield>
    </marc:datafield>
    <marc:datafield tag="700" ind1="1" ind2=" ">
      <marc:subfield code="a">McLoughlin, Tom</marc:subfield>
      <marc:subfield code="4">dir</marc:subfield>
      <marc:subfield code="1">https://www.imdb.com/name/nm0572951</marc:subfield>
    </marc:datafield>
    <marc:datafield tag="740" ind1="0" ind2=" ">
      <marc:subfield code="a">Den 3. tvilling.</marc:subfield>
    </marc:datafield>
  </marc:record>