
  <marc:record>
    <marc:leader>01988ngm a22002890 450 </marc:leader>
    <marc:controlfield tag="001">28563922</marc:controlfield>
    <marc:controlfield tag="008">000000s2010    dk                | eng d</marc:controlfield>
    <marc:datafield tag="041" ind1="1" ind2=" ">
      <marc:subfield code="a">eng</marc:subfield>
      <marc:subfield code="b">dan</marc:subfield>
      <marc:subfield code="b">swe</marc:subfield>
      <marc:subfield code="b">nor</marc:subfield>
      <marc:subfield code="b">fin</marc:subfield>
    </marc:datafield>
    <marc:datafield tag="130" ind1="0" ind2="0">
      <marc:subfield code="a">The pillars of the Earth(Tv Mini-series)</marc:subfield>
      <marc:subfield code="l">English</marc:subfield>
      <marc:subfield code="f">2010</marc:subfield>
      <marc:subfield code="1">https://www.imdb.com/title/tt1453159</marc:subfield>
    </marc:datafield>
    <marc:datafield tag="245" ind1="0" ind2="0">
      <marc:subfield code="a">Jordens søjler =</marc:subfield>
      <marc:subfield code="b">The pillars of the Earth /</marc:subfield>
      <marc:subfield code="c">director of photography Attila Szalay ; produced by John Ryan ; based
        on the book by Ken Follett ; written for television by John Pielmeier ; directed by Sergio
        Mimica-Gezzan.</marc:subfield>
    </marc:datafield>
    <marc:datafield tag="250" ind1=" " ind2=" ">
      <marc:subfield code="a">Collector's edition.</marc:subfield>
    </marc:datafield>
    <marc:datafield tag="260" ind1=" " ind2=" ">
      <marc:subfield code="a">[Viborg] :</marc:subfield>
      <marc:subfield code="b">Scanbox,</marc:subfield>
      <marc:subfield code="c">[2010].</marc:subfield>
    </marc:datafield>
    <marc:datafield tag="300" ind1=" " ind2=" ">
      <marc:subfield code="a">4 dvd-videoer (ca. 7 t., 36 min.)</marc:subfield>
    </marc:datafield>
    <marc:datafield tag="336" ind1=" " ind2=" ">
      <marc:subfield code="a">two-dimensional moving image</marc:subfield>
      <marc:subfield code="b">tdi</marc:subfield>
      <marc:subfield code="0">http://rdaregistry.info/termList/RDAContentType/1023</marc:subfield>
      <marc:subfield code="2">rdacontent</marc:subfield>
    </marc:datafield>
    <marc:datafield tag="337" ind1=" " ind2=" ">
      <marc:subfield code="a">video</marc:subfield>
      <marc:subfield code="b">v</marc:subfield>
      <marc:subfield code="0">http://rdaregistry.info/termList/RDAMediaType/1008</marc:subfield>
      <marc:subfield code="2">rdamedia</marc:subfield>
    </marc:datafield>
    <marc:datafield tag="338" ind1=" " ind2=" ">
      <marc:subfield code="a">videodisc</marc:subfield>
      <marc:subfield code="b">vd</marc:subfield>
      <marc:subfield code="0">http://rdaregistry.info/termList/RDACarrierType/1060</marc:subfield>
      <marc:subfield code="2">rdacarrier</marc:subfield>
    </marc:datafield>
    <marc:datafield tag="380" ind1=" " ind2=" ">
      <marc:subfield code="a">Television mini-series</marc:subfield>
      <marc:subfield code="0">http://id.loc.gov/authorities/genreForms/gf2011026665</marc:subfield>
    </marc:datafield>
    <marc:datafield tag="500" ind1=" " ind2=" ">
      <marc:subfield code="a">Medvirkende: Ian McShane, Rufus Sewell, Matthew Macfadyen, Eddie
        Redmayne, Hayley Atwell, Tony Curran, Donald Sutherland, Alison Pill, Gordon Pinsent ... et
        al..</marc:subfield>
    </marc:datafield>
    <marc:datafield tag="521" ind1="8" ind2=" ">
      <marc:subfield code="a">Mærkning: Tilladt for børn over 15 år.</marc:subfield>
    </marc:datafield>
    <marc:datafield tag="534" ind1=" " ind2=" ">
      <marc:subfield code="a">Produceret af Tandem Communications og Muse Entertainment i samarbejde
        med Scott Free Films og ProSiebenSat 1 Media i 2010.</marc:subfield>
    </marc:datafield>
    <marc:datafield tag="546" ind1=" " ind2=" ">
      <marc:subfield code="a">Engelsk tale.</marc:subfield>
    </marc:datafield>
    <marc:datafield tag="546" ind1=" " ind2=" ">
      <marc:subfield code="a">Undertekster på dansk, svensk, norsk og finsk.</marc:subfield>
    </marc:datafield>
    <marc:datafield tag="700" ind1="1" ind2=" ">
      <marc:subfield code="a">Follet, Ken</marc:subfield>
      <marc:subfield code="d">1949-</marc:subfield>
      <marc:subfield code="i">Is adapted as television program work</marc:subfield>
      <marc:subfield code="t">The Pillars of the Earth</marc:subfield>
      <marc:subfield code="1">http://viaf.org/viaf/310270194</marc:subfield>
      <marc:subfield code="4"
        >http://rdaregistry.info/Elements/w/adaptedAsTelevisionProgramWork.en</marc:subfield>
    </marc:datafield>
    <marc:datafield tag="700" ind1="1" ind2=" ">
      <marc:subfield code="a">Szalay, Attila</marc:subfield>
      <marc:subfield code="4">cng</marc:subfield>
      <marc:subfield code="1">https://www.imdb.com/name/nm0004360</marc:subfield>
    </marc:datafield>
    <marc:datafield tag="700" ind1="1" ind2=" ">
      <marc:subfield code="a">Follett, Ken</marc:subfield>
      <marc:subfield code="d">1949-</marc:subfield>
      <marc:subfield code="4">aut</marc:subfield>
      <marc:subfield code="1">http://viaf.org/viaf/64005683</marc:subfield>
    </marc:datafield>
    <marc:datafield tag="700" ind1="1" ind2=" ">
      <marc:subfield code="a">Pielmeier, John</marc:subfield>
      <marc:subfield code="4">aus</marc:subfield>
      <marc:subfield code="1">https://www.imdb.com/name/nm0682196</marc:subfield>
    </marc:datafield>
    <marc:datafield tag="700" ind1="1" ind2=" ">
      <marc:subfield code="a">Mimica-Gezzan, Sergio</marc:subfield>
      <marc:subfield code="4">dir</marc:subfield>
      <marc:subfield code="1">https://www.imdb.com/name/nm0590790</marc:subfield>
    </marc:datafield>
  </marc:record>