
  <marc:record>
    <marc:leader>01976cgm a22002770 450 </marc:leader>
    <marc:controlfield tag="001">2866672</marc:controlfield>
    <marc:datafield tag="041" ind1="1" ind2=" ">
      <marc:subfield code="a">eng</marc:subfield>
      <marc:subfield code="a">ger</marc:subfield>
      <marc:subfield code="a">fre</marc:subfield>
      <marc:subfield code="a">ita</marc:subfield>
      <marc:subfield code="a">spa</marc:subfield>
      <marc:subfield code="b">eng</marc:subfield>
      <marc:subfield code="b">ger</marc:subfield>
      <marc:subfield code="b">fre</marc:subfield>
      <marc:subfield code="b">ita</marc:subfield>
      <marc:subfield code="b">spa</marc:subfield>
      <marc:subfield code="b">dut</marc:subfield>
      <marc:subfield code="b">swe</marc:subfield>
      <marc:subfield code="b">fin</marc:subfield>
      <marc:subfield code="b">nor</marc:subfield>
      <marc:subfield code="b">dan</marc:subfield>
      <marc:subfield code="b">por</marc:subfield>
      <marc:subfield code="b">pol</marc:subfield>
    </marc:datafield>
    <marc:datafield tag="130" ind1="0" ind2="0">
      <marc:subfield code="a">Eye of the Needle(Motion Picture)</marc:subfield>
      <marc:subfield code="l">English</marc:subfield>
      <marc:subfield code="f">1981</marc:subfield>
      <marc:subfield code="1">https://www.imdb.com/title/tt0082351</marc:subfield>
    </marc:datafield>
    <marc:datafield tag="245" ind1="0" ind2="0">
      <marc:subfield code="a">Nålens øje =</marc:subfield>
      <marc:subfield code="b">Eye of the needle /</marc:subfield>
      <marc:subfield code="c">director of photography Alan Hume ; based on the novel by Ken Follett
        ; screenplay by Stanley Mann ; producer Stephen Friedman ; director Richard
        Marquand.</marc:subfield>
    </marc:datafield>
    <marc:datafield tag="260" ind1=" " ind2=" ">
      <marc:subfield code="a">[Kbh.] :</marc:subfield>
      <marc:subfield code="b">SF Film,</marc:subfield>
      <marc:subfield code="c">[2005].</marc:subfield>
    </marc:datafield>
    <marc:datafield tag="300" ind1=" " ind2=" ">
      <marc:subfield code="a">1 dvd-video (108 min.)</marc:subfield>
    </marc:datafield>
    <marc:datafield tag="336" ind1=" " ind2=" ">
      <marc:subfield code="a">two-dimensional moving image</marc:subfield>
      <marc:subfield code="b">tdi</marc:subfield>
      <marc:subfield code="0">http://rdaregistry.info/termList/RDAContentType/1023</marc:subfield>
      <marc:subfield code="2">rdacontent</marc:subfield>
    </marc:datafield>
    <marc:datafield tag="337" ind1=" " ind2=" ">
      <marc:subfield code="a">video</marc:subfield>
      <marc:subfield code="b">v</marc:subfield>
      <marc:subfield code="0">http://rdaregistry.info/termList/RDAMediaType/1008</marc:subfield>
      <marc:subfield code="2">rdamedia</marc:subfield>
    </marc:datafield>
    <marc:datafield tag="338" ind1=" " ind2=" ">
      <marc:subfield code="a">videodisc</marc:subfield>
      <marc:subfield code="b">vd</marc:subfield>
      <marc:subfield code="0">http://rdaregistry.info/termList/RDACarrierType/1060</marc:subfield>
      <marc:subfield code="2">rdacarrier</marc:subfield>
    </marc:datafield>
    <marc:datafield tag="380" ind1=" " ind2=" ">
      <marc:subfield code="a">Film adaptations</marc:subfield>
      <marc:subfield code="0">http://id.loc.gov/authorities/genreForms/gf2011026254</marc:subfield>
    </marc:datafield>
    <marc:datafield tag="500" ind1=" " ind2=" ">
      <marc:subfield code="a">Medvirkende: Donald Sutherland, Kate Nelligan, Ian Bannen, Christopher
        Cazenove ... et al..</marc:subfield>
    </marc:datafield>
    <marc:datafield tag="500" ind1=" " ind2=" ">
      <marc:subfield code="a">Originalfilmen: USA : Juniper Films : Kings Road,
        1981.</marc:subfield>
    </marc:datafield>
    <marc:datafield tag="521" ind1="8" ind2=" ">
      <marc:subfield code="a">Mærkning: Tilladt for børn over 15 år.</marc:subfield>
    </marc:datafield>
    <marc:datafield tag="546" ind1=" " ind2=" ">
      <marc:subfield code="a">Engelsk tale, samt synkronisering på tysk, fransk, italiensk og
        spansk.</marc:subfield>
    </marc:datafield>
    <marc:datafield tag="546" ind1=" " ind2=" ">
      <marc:subfield code="a">Undertekster på engelsk, tysk, fransk, italiensk, spansk, hollandsk,
        svensk, finsk, norsk, dansk, portugisisk og polsk.</marc:subfield>
    </marc:datafield>
    <marc:datafield tag="546" ind1=" " ind2=" ">
      <marc:subfield code="a">Tekstet for hørehæmmede på engelsk og tysk.</marc:subfield>
    </marc:datafield>
    <marc:datafield tag="700" ind1="1" ind2=" ">
      <marc:subfield code="a">Hume, Alan</marc:subfield>
      <marc:subfield code="d">1924-2010</marc:subfield>
      <marc:subfield code="4">cng</marc:subfield>
      <marc:subfield code="1">https://www.imdb.com/name/nm0401727</marc:subfield>
    </marc:datafield>
    <marc:datafield tag="700" ind1="1" ind2=" ">
      <marc:subfield code="a">Follett, Ken</marc:subfield>
      <marc:subfield code="d">1949-</marc:subfield>
      <marc:subfield code="4">aut</marc:subfield>
      <marc:subfield code="1">http://viaf.org/viaf/64005683</marc:subfield>
    </marc:datafield>
    <marc:datafield tag="700" ind1="1" ind2=" ">
      <marc:subfield code="a">Mann, Stanley</marc:subfield>
      <marc:subfield code="d">1928-2016</marc:subfield>
      <marc:subfield code="4">aus</marc:subfield>
      <marc:subfield code="1">https://www.imdb.com/name/nm0542970</marc:subfield>
    </marc:datafield>
    <marc:datafield tag="700" ind1="1" ind2=" ">
      <marc:subfield code="a">Marquand, Richard</marc:subfield>
      <marc:subfield code="d">1937-1987</marc:subfield>
      <marc:subfield code="4">dir</marc:subfield>
      <marc:subfield code="1">https://www.imdb.com/name/nm0549658</marc:subfield>
    </marc:datafield>
    <marc:datafield tag="700" ind1="1" ind2=" ">
      <marc:subfield code="a">Follet, Ken</marc:subfield>
      <marc:subfield code="d">1949-</marc:subfield>
      <marc:subfield code="i">Is adapted as motion picture work</marc:subfield>
      <marc:subfield code="t">The Pillars of the Earth</marc:subfield>
      <marc:subfield code="1">http://viaf.org/viaf/310270194</marc:subfield>
      <marc:subfield code="4"
        >http://rdaregistry.info/Elements/w/adaptedAsMotionPictureWork.en</marc:subfield>
    </marc:datafield>
  </marc:record>