
  <marc:record>
    <marc:leader>01103naa a22002170 450 </marc:leader>
    <marc:controlfield tag="001">87412857</marc:controlfield>
    <marc:controlfield tag="008">000000s2003    dk            00| u dan d</marc:controlfield>
    <marc:datafield tag="130" ind1="0" ind2="0">
      <marc:subfield code="a">Follett kalder Danmark(Newspaper interview)</marc:subfield>
      <marc:subfield code="l">Dansk</marc:subfield>
      <marc:subfield code="f">2016</marc:subfield>
      <marc:subfield code="1"/>
    </marc:datafield>
    <marc:datafield tag="245" ind1="0" ind2="0">
      <marc:subfield code="a">Follett kalder Danmark /</marc:subfield>
      <marc:subfield code="c">Jesper Stein Larsen, interview med Ken Follett.</marc:subfield>
    </marc:datafield>
    <marc:datafield tag="300" ind1=" " ind2=" ">
      <marc:subfield code="a">Brunch, s. 2-3 :</marc:subfield>
      <marc:subfield code="b">ill.</marc:subfield>
    </marc:datafield>
    <marc:datafield tag="336" ind1=" " ind2=" ">
      <marc:subfield code="a">text</marc:subfield>
      <marc:subfield code="b">txt</marc:subfield>
      <marc:subfield code="0">http://rdaregistry.info/termList/RDAContentType/1020</marc:subfield>
      <marc:subfield code="2">rdacontent</marc:subfield>
    </marc:datafield>
    <marc:datafield tag="337" ind1=" " ind2=" ">
      <marc:subfield code="a">unmediated</marc:subfield>
      <marc:subfield code="b">n</marc:subfield>
      <marc:subfield code="0">http://rdaregistry.info/termList/RDAMediaType/1007</marc:subfield>
      <marc:subfield code="2">rdamedia</marc:subfield>
    </marc:datafield>
    <marc:datafield tag="338" ind1=" " ind2=" ">
      <marc:subfield code="a">volume</marc:subfield>
      <marc:subfield code="b">nc</marc:subfield>
      <marc:subfield code="0">http://rdaregistry.info/termList/RDACarrierType/1049</marc:subfield>
      <marc:subfield code="2">rdacarrier</marc:subfield>
    </marc:datafield>
    <marc:datafield tag="380" ind1=" " ind2=" ">
      <marc:subfield code="a">Interviews</marc:subfield>
      <marc:subfield code="0">http://id.loc.gov/authorities/genreForms/gf2014026115</marc:subfield>
    </marc:datafield>
    <marc:datafield tag="600" ind1="1" ind2="4">
      <marc:subfield code="a">Follett, Ken</marc:subfield>
    </marc:datafield>
    <marc:datafield tag="650" ind1=" " ind2="4">
      <marc:subfield code="a">engelsk litteratur.</marc:subfield>
    </marc:datafield>
    <marc:datafield tag="650" ind1=" " ind2="4">
      <marc:subfield code="a">litteratur.</marc:subfield>
    </marc:datafield>
    <marc:datafield tag="700" ind1="1" ind2=" ">
      <marc:subfield code="a">Follett, Ken</marc:subfield>
      <marc:subfield code="d">1949-</marc:subfield>
      <marc:subfield code="4">aut</marc:subfield>
      <marc:subfield code="1">http://viaf.org/viaf/64005683</marc:subfield>
      <marc:subfield code="i"/>
    </marc:datafield>
    <marc:datafield tag="700" ind1="1" ind2=" ">
      <marc:subfield code="a">Stein Larsen, Jesper</marc:subfield>
      <marc:subfield code="4">ivr</marc:subfield>
      <marc:subfield code="1">http://viaf.org/viaf/279858332</marc:subfield>
    </marc:datafield>
    <marc:datafield tag="700" ind1="1" ind2=" ">
      <marc:subfield code="t">Follett kalder Danmark</marc:subfield>
      <marc:subfield code="i">has interviewer agent of work</marc:subfield>
      <marc:subfield code="4"
        >http://rdaregistry.info/Elements/w/interviewerAgentOfWork.en</marc:subfield>
    </marc:datafield>
    <marc:datafield tag="773" ind1="0" ind2=" ">
      <marc:subfield code="t">Jyllands-posten</marc:subfield>
      <marc:subfield code="d">2003</marc:subfield>
      <marc:subfield code="g">2003-08-31</marc:subfield>
      <marc:subfield code="x">0109-1182</marc:subfield>
      <marc:subfield code="7">|||s</marc:subfield>
    </marc:datafield>
  </marc:record>